@misc{Burdi:2023climrr,
    title={The Climate Risk & Resilience Portal (ClimRR) Metadata and Data Dictionary},
    author = "Burdi, C. and Branham, J., Wall. T",
    year = "2023",
    note = {Available at \url{https://anl.app.box.com/s/hmkkgkrkzxxocfe9kpgrzk2gfc4gizp8/file/1055145398460}},
    url = {https://dub.sh/ClimRR-Metadata},
}
@misc{wittig2023progress,
      title={Progress on $(g-2)_\mu$ from Lattice QCD}, 
      author={Hartmut Wittig},
      year={2023},
      eprint={2306.04165},
      archivePrefix={arXiv},
      primaryClass={hep-ph}
}
@article{Duane:1987de,
    author = "Duane, S. and Kennedy, A. D. and Pendleton, B. J. and Roweth, D.",
    title = "{Hybrid Monte Carlo}",
    doi = "10.1016/0370-2693(87)91197-X",
    journal = "Phys. Lett. B",
    volume = "195",
    pages = "216--222",
    year = "1987"
}

@article{Shanahan:2022ifi,
    author = "Shanahan, Phiala and others",
    title = "{Snowmass 2021 Computational Frontier CompF03 Topical Group Report: Machine Learning}",
    eprint = "2209.07559",
    archivePrefix = "arXiv",
    primaryClass = "physics.comp-ph",
    reportNumber = "FERMILAB-CONF-22-719-ND-PPD-QIS-SCD",
    month = "9",
    year = "2022"
}

@inproceedings{Boyda:2022nmh,
    author = "Boyda, Denis and others",
    title = "{Applications of Machine Learning to Lattice Quantum Field Theory}",
    booktitle = "{Snowmass 2021}",
    eprint = "2202.05838",
    archivePrefix = "arXiv",
    primaryClass = "hep-lat",
    reportNumber = "MIT-CTP/5405",
    month = "2",
    year = "2022"
}

@article{Foreman:2021ljl,
    author = "Foreman, Sam and Izubuchi, Taku and Jin, Luchang and Jin, Xiao-Yong and Osborn, James C. and Tomiya, Akio",
    title = "{HMC with Normalizing Flows}",
    eprint = "2112.01586",
    archivePrefix = "arXiv",
    primaryClass = "cs.LG",
    doi = "10.22323/1.396.0073",
    journal = "PoS",
    volume = "LATTICE2021",
    pages = "073",
    year = "2022"
}

@article{Foreman:2021rhs,
    author = "Foreman, Sam and Jin, Xiao-Yong and Osborn, James C.",
    title = "{LeapfrogLayers: A Trainable Framework for Effective Topological Sampling}",
    eprint = "2112.01582",
    archivePrefix = "arXiv",
    primaryClass = "hep-lat",
    doi = "10.22323/1.396.0508",
    journal = "PoS",
    volume = "LATTICE2021",
    pages = "508",
    year = "2022"
}

@inproceedings{Foreman:2021ixr,
    author = "Foreman, Sam and Jin, Xiao-Yong and Osborn, James C.",
    title = "{Deep Learning Hamiltonian Monte Carlo}",
    booktitle = "{9th International Conference on Learning Representations}",
    eprint = "2105.03418",
    archivePrefix = "arXiv",
    primaryClass = "hep-lat",
    month = "5",
    year = "2021"
}
