@ARTICLE{2017arXiv171109268L,
   author = {{Levy}, D. and {Hoffman}, M.~D. and {Sohl-Dickstein}, J.},
    title = "{Generalizing Hamiltonian Monte Carlo with Neural Networks}",
  journal = {ArXiv e-prints},
archivePrefix = "arXiv",
   eprint = {1711.09268},
 primaryClass = "stat.ML",
 keywords = {Statistics - Machine Learning, Computer Science - Artificial Intelligence, Computer Science - Machine Learning},
     year = 2017,
    month = nov,
   adsurl = {http://adsabs.harvard.edu/abs/2017arXiv171109268L},
  adsnote = {Provided by the SAO/NASA Astrophysics Data System}
}

@ARTICLE{2012arXiv1206.1901N,
   author = {{Neal}, R.~M.},
    title = "{MCMC using Hamiltonian dynamics}",
  journal = {ArXiv e-prints},
archivePrefix = "arXiv",
   eprint = {1206.1901},
 primaryClass = "stat.CO",
 keywords = {Statistics - Computation, Physics - Computational Physics},
     year = 2012,
    month = jun,
   adsurl = {http://adsabs.harvard.edu/abs/2012arXiv1206.1901N},
  adsnote = {Provided by the SAO/NASA Astrophysics Data System}
}


@article{10.2307/24308995,
 ISSN = {10170405, 19968507},
 URL = {http://www.jstor.org/stable/24308995},
 abstract = {A good choice of the proposal distribution is crucial for the rapid convergence of the Metropolis algorithm. In this paper, given a family of parametric Markovian kernels, we develop an adaptive algorithm for selecting the best kernel that maximizes the expected squared jumped distance, an objective function that characterizes the Markov chain. We demonstrate the effectiveness of our method in several examples.},
 author = {Cristian Pasarica and Andrew Gelman},
 journal = {Statistica Sinica},
 number = {1},
 pages = {343--364},
 publisher = {Institute of Statistical Science, Academia Sinica},
 title = {ADAPTIVELY SCALING THE METROPOLIS ALGORITHM USING EXPECTED SQUARED JUMPED DISTANCE},
 volume = {20},
 year = {2010}
}

@ARTICLE{batch_norm,
   author = {{Ioffe}, S. and {Szegedy}, C.},
    title = "{Batch Normalization: Accelerating Deep Network Training by Reducing Internal Covariate Shift}",
  journal = {arXiv e-prints},
archivePrefix = "arXiv",
   eprint = {1502.03167},
 keywords = {Computer Science - Machine Learning},
     year = 2015,
    month = feb,
   adsurl = {http://adsabs.harvard.edu/abs/2015arXiv150203167I},
  adsnote = {Provided by the SAO/NASA Astrophysics Data System}
}

@book{brooks2011handbook,
title={Handbook of markov chain monte carlo},
author={Brooks, Steve and Gelman, Andrew and Jones, Galin and Meng, Xiao-Li},
year={2011},
publisher={CRC press}
}

@article{richey2010evolution,
title={The evolution of Markov chain Monte Carlo methods},
author={Richey, Matthew},
journal={The American Mathematical Monthly},
volume={117},
number={5},
pages={383--413},
year={2010},
publisher={Taylor \& Francis}
}

