@article{PhysRevLett.103.160601,
  title = {Second Renormalization of Tensor-Network States},
  author = {Xie, Z. Y. and Jiang, H. C. and Chen, Q. N. and Weng, Z. Y. and Xiang, T.},
  journal = {Phys. Rev. Lett.},
  volume = {103},
  issue = {16},
  pages = {160601},
  numpages = {4},
  year = {2009},
  month = {Oct},
  doi = {10.1103/PhysRevLett.103.160601},
  url = {http://link.aps.org/doi/10.1103/PhysRevLett.103.160601},
  publisher = {American Physical Society}
}


@article{PhysRevLett.105.210601,
  title = {Regularization of Diagrammatic Series with Zero Convergence Radius},
  author = {Pollet, Lode and Prokof'ev, Nikolay V. and Svistunov, Boris V.},
  journal = {Phys. Rev. Lett.},
  volume = {105},
  issue = {21},
  pages = {210601},
  numpages = {4},
  year = {2010},
  month = {Nov},
  doi = {10.1103/PhysRevLett.105.210601},
  url = {http://link.aps.org/doi/10.1103/PhysRevLett.105.210601},
  publisher = {American Physical Society}
}

@article{Meurice:2012db,
      author         = "Meurice, Y. and Zou, Haiyuan",
      title          = "{Comparison of Improved Perturbative Methods}",
      journal        = "PoS",
      volume         = "LATTICE2011",
      pages          = "255",
      year           = "2011",
      eprint         = "1201.5710",
      archivePrefix  = "arXiv",
      primaryClass   = "hep-lat",
}

@article{Li:2005wv,
      author         = "Li, L. and Meurice, Y.",
      title          = "{Asymptotically universal crossover in perturbation
                        theory with a field cutoff}",
      journal        = "J.Phys.A",
      volume         = "A39",
      pages          = "8681-8698",
      doi            = "10.1088/0305-4470/39/27/009",
      year           = "2006",
      eprint         = "hep-th/0507196",
      archivePrefix  = "arXiv",
      primaryClass   = "hep-th",
}

@article{Curtright:2010hq,
      author         = "Curtright, Thomas L. and Zachos, Cosmas K.",
      title          = "{Renormalization Group Functional Equations}",
      journal        = "Phys.Rev.",
      volume         = "D83",
      pages          = "065019",
      doi            = "10.1103/PhysRevD.83.065019",
      year           = "2011",
      eprint         = "1010.5174",
      archivePrefix  = "arXiv",
      primaryClass   = "hep-th",
      reportNumber   = "ANL-HEP-PR-10-52, CERN-PH-TH-2010-245, UMTG-19",
}

@article{Liu:2011ac,
      author         = "Liu, Yuzhi and Meurice, Y. and Zou, Haiyuan",
      title          = "{Volume Effects in Discrete beta functions}",
      journal        = "PoS",
      volume         = "LATTICE2011",
      pages          = "246",
      year           = "2011",
      eprint         = "1112.3119",
      archivePrefix  = "arXiv",
      primaryClass   = "hep-lat",
}

@article{Bediaga:2012py,
      author         = "Bediaga, I. and others",
      title          = "{Implications of LHCb measurements and future prospects}",
      collaboration  = "LHCb collaboration",
      year           = "2012",
      eprint         = "1208.3355",
      archivePrefix  = "arXiv",
      primaryClass   = "Unknown",
      reportNumber   = "LHCB-PUB-2012-006",
}

@article{Fleischer:2012fy,
      author         = "Fleischer, Robert",
      title          = "{On Branching Ratios}",
      year           = "2012",
      eprint         = "1208.2843",
      archivePrefix  = "arXiv",
      primaryClass   = "hep-ph",
}

@article{LHCb:2011ac,
      author         = "Aaij, R. and others",
    title          = "{Search for the rare decays }",
      collaboration  = "LHCb Collaboration",
      journal        = "Phys.Lett.",
      volume         = "B708",
      pages          = "55-67",
      doi            = "10.1016/j.physletb.2012.01.038",
      year           = "2012",
      eprint         = "1112.1600",
      archivePrefix  = "arXiv",
      primaryClass   = "hep-ex",
      reportNumber   = "CERN-PH-EP-2011-186, LHCB-PAPER-2011-025",
}

@article{Nakamura:2010zzi,
      author         = "Nakamura, K. and others",
      title          = "{Review of particle physics}",
      collaboration  = "Particle Data Group",
      journal        = "J.Phys.G",
      volume         = "G37",
      pages          = "075021",
      doi            = "10.1088/0954-3899/37/7A/075021",
      year           = "2010",
      reportNumber   = "FERMILAB-PUB-10-665-PPD",
}

@article{Beringer:1900zz,
      author         = "Beringer, J. and others",
      title          = "{Review of Particle Physics (RPP)}",
      collaboration  = "Particle Data Group",
      journal        = "Phys.Rev.",
      volume         = "D86",
      pages          = "010001",
      doi            = "10.1103/PhysRevD.86.010001",
      year           = "2012",
}



@article{PhysRevD.85.056010,
  title = {Density of states and Fisher's zeros in compact $U(1)$ pure gauge theory},
  author = {Bazavov, A. and Berg, B. A. and Du, Daping and Meurice, Y.},
  journal = {Phys. Rev. D},
  volume = {85},
  issue = {5},
  pages = {056010},
  numpages = {14},
  year = {2012},
  month = {Mar},
  doi = {10.1103/PhysRevD.85.056010},
  url = {http://link.aps.org/doi/10.1103/PhysRevD.85.056010},
  publisher = {American Physical Society}
}

@article{PhysRevD.85.114502,
  titlt="t",
  author = {Bailey, Jon A. and Bazavov, A. and Bernard, C. and Bouchard, C. M. and DeTar, C. and Du, Daping and El-Khadra, A. X. and Foley, J. and Freeland, E. D. and G\'amiz, E. and Gottlieb, Steven and Heller, U. M. and Kim, Jongjeong and Kronfeld, A. S. and Laiho, J. and Levkova, L. and Mackenzie, P. B. and Meurice, Y. and Neil, E. and Oktay, M. B. and Qiu, Si-Wei and Simone, J. N. and Sugar, R. and Toussaint, D. and Van de Water, R. S. and Zhou, Ran},
  collaboration = {Fermilab Lattice and MILC Collaborations},
  journal = {Phys. Rev. D},
  volume = {85},
  issue = {11},
  pages = {114502},
  numpages = {19},
  year = {2012},
  month = {Jun},
  doi = {10.1103/PhysRevD.85.114502},
  url = {http://link.aps.org/doi/10.1103/PhysRevD.85.114502},
  publisher = {American Physical Society}
}


@article{PhysRevLett.109.071802,
title = {Refining New-Physics Searches in},
  author = {Bailey, Jon A. and Bazavov, A. and Bernard, C. and Bouchard, C. M. and DeTar, C. and Du, Daping and El-Khadra, A. X. and Foley, J. and Freeland, E. D. and G\'amiz, E. and Gottlieb, Steven and Heller, U. M. and Kim, Jongjeong and Kronfeld, A. S. and Laiho, J. and Levkova, L. and Mackenzie, P. B. and Meurice, Y. and Neil, E. T. and Oktay, M. B. and Qiu, Si-Wei and Simone, J. N. and Sugar, R. and Toussaint, D. and Van de Water, R. S. and Zhou, Ran},
  collaboration = {Fermilab Lattice and MILC Collaborations},
  journal = {Phys. Rev. Lett.},
  volume = {109},
  issue = {7},
  pages = {071802},
  numpages = {6},
  year = {2012},
  month = {Aug},
  doi = {10.1103/PhysRevLett.109.071802},
  url = {http://link.aps.org/doi/10.1103/PhysRevLett.109.071802},
  publisher = {American Physical Society}
}

@article{Itzykson:1983gb,
      author         = "Itzykson, C. and Pearson, R.B. and Zuber, J.B.",
      title          = "{DISTRIBUTION OF ZEROS IN ISING AND GAUGE MODELS}",
      journal        = "Nucl.Phys.",
      volume         = "B220",
      pages          = "415",
      doi            = "10.1016/0550-3213(83)90499-6",
      year           = "1983",
      reportNumber   = "SACLAY-SPHT-83-40",
}

@article{Veneziano:1979ec,
      author         = "Veneziano, G.",
      title          = "{U(1) Without Instantons}",
      journal        = "Nucl.Phys.",
      volume         = "B159",
      pages          = "213-224",
      doi            = "10.1016/0550-3213(79)90332-8",
      year           = "1979",
      reportNumber   = "CERN-TH-2651",
}

@article{Witten:1979vv,
      author         = "Witten, Edward",
      title          = "{Current Algebra Theorems for the U(1) Goldstone Boson}",
      journal        = "Nucl.Phys.",
      volume         = "B156",
      pages          = "269",
      doi            = "10.1016/0550-3213(79)90031-2",
      year           = "1979",
      reportNumber   = "HUTP-79/A014",
}

@article{PhysRevA.7.2172,
  title = {Critical Exponents above ${T}_{c}$ to $O(\frac{1}{n})$},
  author = {Ma, Shang-Keng},
  journal = {Phys. Rev. A},
  volume = {7},
  issue = {6},
  pages = {2172--2187},
  year = {1973},
  month = {Jun},
  doi = {10.1103/PhysRevA.7.2172},
  url = {http://link.aps.org/doi/10.1103/PhysRevA.7.2172},
  publisher = {American Physical Society}
}


@article{PhysRevD.7.2911,
  title = {Quantum Field - Theory Models in Less Than 4 Dimensions},
  author = {Wilson, Kenneth G.},
  journal = {Phys. Rev. D},
  volume = {7},
  issue = {10},
  pages = {2911--2926},
  year = {1973},
  month = {May},
  doi = {10.1103/PhysRevD.7.2911},
  url = {http://link.aps.org/doi/10.1103/PhysRevD.7.2911},
  publisher = {American Physical Society}
}

@Article{Arefeva:1977bt,
     author    = "Arefeva, I. Ya.",
     title     = "{On the Removal of Divergences in the Model of Three-
                  Dimensional n Field}",
     journal   = "Teor. Mat. Fiz.",
     volume    = "31",
     year      = "1977",
     pages     = "3-11",
}

@Article{Arefeva:1979bd,
     author    = "Arefeva, I. Ya.",
     title     = "{PHASE TRANSITION IN THE THREE-DIMENSIONAL CHIRAL FIELD}",
     journal   = "Annals Phys.",
     volume    = "117",
     year      = "1979",
     pages     = "393-406",
     doi       = "10.1016/0003-4916(79)90361-0",
}

@article{PhysRevD.10.2491,
  volume = {10},
  journal = {Phys. Rev. D},
  author = {Coleman, Sidney and Jackiw, R. and Politzer, H. D.},
  month = {Oct},
  url = {http://link.aps.org/doi/10.1103/PhysRevD.10.2491},
  doi = {10.1103/PhysRevD.10.2491},
  year = {1974},
  title = {Spontaneous symmetry breaking in the $\mathrm{O}(N)$ model for large $N$},
  issue = {8},
  publisher = {American Physical Society},
  pages = {2491--2499}
}


@Article{Brezin:1977sv,
     author    = "Brezin, E. and Itzykson, C. and Parisi, G. and Zuber, J. B.
                  ",
     title     = "{Planar Diagrams}",
     journal   = "Commun. Math. Phys.",
     volume    = "59",
     year      = "1978",
     pages     = "35",
     doi       = "10.1007/BF01614153",
}


@article{AM2008199,
title = "De Sitter space and eternity",
journal = "Nuclear Physics B",
volume = "797",
number = "1??????2",
pages = "199 - 217",
year = "2008",
note = "",
issn = "0550-3213",
doi = "10.1016/j.nuclphysb.2008.01.002",
url = "http://www.sciencedirect.com/science/article/pii/S0550321308000369",
author = "A.M. and Polyakov"
}


@Article{Berg:2011sz,
     author    = "Berg, Bernd A.",
     title     = "{Vector boson mass generation without new particles}",
     year      = "2011",
     eprint    = "1109.5861",
     archivePrefix = "arXiv",
     primaryClass  =  "hep-lat",
}



@article{PhysRevD.82.114507,
  volume = {82},
  journal = {Phys. Rev. D},
  month = {Dec},
  numpages = {11},
  author = {Berg, Bernd A.},
  title = {Deconfined SU(2) phase with a massive vector boson triplet},
  year = {2010},
  url = {http://link.aps.org/doi/10.1103/PhysRevD.82.114507},
  doi = {10.1103/PhysRevD.82.114507},
  issue = {11},
  publisher = {American Physical Society},
  pages = {114507}
}


@article{PhysRevE.74.011108,
  journal = {Phys. Rev. E},
  numpages = {8},
  month = {Jul},
  doi = {10.1103/PhysRevE.74.011108},
  issue = {1},
  author = {Behringer, Hans and Pleimling, Michel},
  title = {Continuous phase transitions with a convex dip in the microcanonical entropy},
  year = {2006},
  url = {http://link.aps.org/doi/10.1103/PhysRevE.74.011108},
  publisher = {American Physical Society},
  pages = {011108},
  volume = {74}
}

@article{124403,
  author = "Kravanja, Peter and Van Barel, Marc and Ragos, O. and Vrahatis, MN and Zafiropoulos, FA",
  title = "{ZEAL}: {A} mathematical software package for computing zeros of analytic functions",
  journal = "Computer Physics Communications",
  volume = "124",
  number = "2-3",
  pages = "212--232",
  month = Feb,
  year = "2000",
  url = "https://lirias.kuleuven.be/handle/123456789/124403",
}

@ARTICLE{1991JSP....62..529B,
   author = {{Borgs}, C. and {Koteck{\'y}}, R. and {Miracle-Sol{\'e}}, S.
  },
    title = "{Finite-size scaling for Potts models}",
  journal = {Journal of Statistical Physics},
 keywords = {First-order phase transitions, finite-size scaling, Potts model, Fortuin-Kasteleyn representation},
     year = 1991,
    month = feb,
   volume = 62,
    pages = {529-551},
      doi = {10.1007/BF01017971},
   adsurl = {http://adsabs.harvard.edu/abs/1991JSP....62..529B},
  adsnote = {Provided by the SAO/NASA Astrophysics Data System}
}


@ARTICLE{1990JSP....61...79B,
   author = {{Borgs}, C. and {Koteck{\'y}}, R.},
    title = "{A rigorous theory of finite-size scaling at first-order phase transitions}",
  journal = {Journal of Statistical Physics},
 keywords = {First-order phase transitions, finite-size effects, university of finite-size scaling, asymmetric first-order transitions, coexistence of several phases},
     year = 1990,
    month = oct,
   volume = 61,
    pages = {79-119},
      doi = {10.1007/BF01013955},
   adsurl = {http://adsabs.harvard.edu/abs/1990JSP....61...79B},
  adsnote = {Provided by the SAO/NASA Astrophysics Data System}
}

@Article{Billoire:1992ke,
     author    = "Billoire, A. and Neuhaus, T. and Berg, B.",
     title     = "{Observation of FSS for a first order phase transition}",
     journal   = "Nucl. Phys.",
     volume    = "B396",
     year      = "1993",
     pages     = "779-788",
     eprint    = "hep-lat/9211014",
     archivePrefix = "arXiv",
     doi       = "10.1016/0550-3213(93)90671-B",
}


@Article{Arnold:2002jk,
     author    = "Arnold, G. and Bunk, B. and Lippert, T. and Schilling, K.",
     title     = "{Compact QED under scrutiny: It's first order}",
     journal   = "Nucl. Phys. Proc. Suppl.",
     volume    = "119",
     year      = "2003",
     pages     = "864-866",
     eprint    = "hep-lat/0210010",
     archivePrefix = "arXiv",
     doi       = "10.1016/S0920-5632(03)01704-3",
}


@Article{DeGrand:2010ba,
     author    = "DeGrand, Thomas",
     title     = "{Lattice studies of QCD-like theories with many fermionic
                  degrees of freedom}",
     year      = "2011",
     eprint    = "1010.4741",
     archivePrefix = "arXiv",
     primaryClass  =  "hep-lat",
      journal ="Phil. Trans. R. Soc. A", 
     volume="369",  
     pages = "2701-2717",
}

@Article{Ogilvie:2010vx,
     author    = "Ogilvie, Michael C.",
     title     = "{Quark confinement and the renormalization group}",
     year      = "2011",
     eprint    = "1010.1942",
     archivePrefix = "arXiv",
     primaryClass  =  "hep-lat",
     journal ="Phil. Trans. R. Soc. A", 
     volume="369",  
     pages = "2718-2734",
}




@Article{Jersak:1996mn,
     author    = "Jersak, J. and Lang, C. B. and Neuhaus, T.",
     title     = "{Non-Gaussian fixed point in four-dimensional pure compact
                  U(1) gauge  theory on the lattice}",
     journal   = "Phys. Rev. Lett.",
     volume    = "77",
     year      = "1996",
     pages     = "1933-1936",
     eprint    = "hep-lat/9606010",
     archivePrefix = "arXiv",
     doi       = "10.1103/PhysRevLett.77.1933",
}


@Article{Denbleyker:2010sv,
     author    = "Denbleyker, A. and Du, Daping and Liu, Yuzhi and Meurice,
                  Y. and Zou, Haiyuan",
     title     = "{Fisher's zeros as boundary of renormalization group flows
                  in complex coupling spaces}",
     journal   = "Phys. Rev. Lett.",
     volume    = "104",
     year      = "2010",
     pages     = "251601",
     eprint    = "1005.1993",
     archivePrefix = "arXiv",
     primaryClass  =  "hep-lat",
     doi       = "10.1103/PhysRevLett.104.251601",
}




@Article{DelDebbio:2010ze,
     author    = "Del Debbio, Luigi and Zwicky, Roman",
     title     = "{Hyperscaling relations in mass-deformed conformal gauge
                  theories}",
     journal   = "Phys. Rev. D",
     volume    = "82",
     year      = "2010",
     pages     = "014502",
     eprint    = "1005.2371",
     archivePrefix = "arXiv",
     primaryClass  =  "hep-ph",
     doi       = "10.1103/PhysRevD.82.014502",
}


@ARTICLE{PhysRevD.83.056009,
   author = {{Meurice}, Y. and {Zou}, Haiyuan},
    title = "{Complex renormalization group flows for 2D nonlinear O(N) sigma models}",
  journal = "Phys. Rev. D",
archivePrefix = "arXiv",
   eprint = {1101.1319},
 primaryClass = "hep-lat",
 keywords = {Renormalization group evolution of parameters, Lattice gauge theory, Renormalization-group theory, Classical spin models},
     year = 2011,
    month = mar,
   volume = 83,
   number = 5,
    pages = {056009},
      doi = {10.1103/PhysRevD.83.056009},
   adsurl = {http://adsabs.harvard.edu/abs/2011PhRvD..83e6009M},
  adsnote = {Provided by the SAO/NASA Astrophysics Data System}
}


@article{Liu:2011zzh,
      author         = "Liu, Yuzhi and Meurice, Y.",
      title          = "{Lines of Fisher's zeros as separatrices for complex
                        renormalization group flows}",
      journal        = "Phys. Rev. D",
      volume         = "83",
      pages          = "096008",
      doi            = "10.1103/PhysRevD.83.096008",
      year           = "2011",
      eprint         = "1103.4846",
      archivePrefix  = "arXiv",
      primaryClass   = "hep-lat",
}



@article{Fodor:2011tu,
      author         = "Fodor, Zoltan and Holland, Kieran and Kuti, Julius and
                        Nogradi, Daniel and Schroeder, Chris",
      title          = "{Twelve massless flavors and three colors below the
                        conformal window}",
      journal        = "Phys. Lett. B",
      volume         = "703",
      pages          = "348-358",
      doi            = "10.1016/j.physletb.2011.07.037",
      year           = "2011",
      eprint         = "1104.3124",
      archivePrefix  = "arXiv",
      primaryClass   = "hep-lat",
}

@article{Hasenfratz:2010fi,
      author         = "Hasenfratz, Anna",
      title          = "{Conformal or Walking? Monte Carlo renormalization group
                        studies of SU(3) gauge models with fundamental fermions}",
      journal        = "Phys. Rev. D",
      volume         = "82",
      pages          = "014506",
      doi            = "10.1103/PhysRevD.82.014506",
      year           = "2010",
      eprint         = "1004.1004",
      archivePrefix  = "arXiv",
      primaryClass   = "hep-lat",
}


@article{DeGrand:2011qd,
      author         = "DeGrand, Thomas and Shamir, Yigal and Svetitsky,
                        Benjamin",
      title          = "{Infrared fixed point in SU(2) gauge theory with adjoint
                        fermions}",
      journal        = "Phys. Rev. D",
      volume         = "83",
      pages          = "074507",
      doi            = "10.1103/PhysRevD.83.074507",
      year           = "2011",
      eprint         = "1102.2843",
      archivePrefix  = "arXiv",
      primaryClass   = "hep-lat",
}



@article{DeGrand:2011cu,
      author         = "DeGrand, Thomas",
      title          = "{Finite-size scaling tests for spectra in SU(3) lattice
                        gauge theory coupled to 12 fundamental flavor fermions}",
      year           = "2011",
      note           = "* Temporary entry *",
      eprint         = "1109.1237",
      archivePrefix  = "arXiv",
      primaryClass   = "hep-lat",
}



@article{Sannino:2009za,
      author         = "Sannino, Francesco",
      title          = "{Conformal Dynamics for TeV Physics and Cosmology}",
      journal        = "Acta Phys. Polon. B",
      volume         = "40",
      pages          = "3533-3743",
      year           = "2009",
      eprint         = "0911.0931",
      archivePrefix  = "arXiv",
      primaryClass   = "hep-ph",
}


@Article{Deuzeman:2009mh,
     author    = "Deuzeman, A. and Lombardo, M. P. and Pallante, E.",
     title     = "{Evidence for a conformal phase in SU(N) gauge theories}",
     journal   = "Phys. Rev. D",
     volume    = "82",
     year      = "2010",
     pages     = "074503",
     eprint    = "0904.4662",
     archivePrefix = "arXiv",
     primaryClass  =  "hep-ph",
     doi       = "10.1103/PhysRevD.82.074503",
}



@ARTICLE{2008PhRvD..78a4515H,
   author = {{Hasenfratz}, A. and {Hoffmann}, R. and {Schaefer}, S.},
    title = "{Reweighting towards the chiral limit}",
  journal = "Phys. Rev. D",
archivePrefix = "arXiv",
   eprint = {0805.2369},
 primaryClass = "hep-lat",
 keywords = {Lattice gauge theory},
     year = 2008,
    month = jul,
   volume = 78,
   number = 1,
    pages = {014515},
      doi = {10.1103/PhysRevD.78.014515},
   adsurl = {http://adsabs.harvard.edu/abs/2008PhRvD..78a4515H},
  adsnote = {Provided by the SAO/NASA Astrophysics Data System}
}

@article{Luscher:2008tw,
      author         = "Luscher, Martin and Palombi, Filippo",
      title          = "{Fluctuations and reweighting of the quark determinant on
                        large lattices}",
      journal        = "PoS",
      volume         = "LATTICE2008",
      pages          = "049",
      year           = "2008",
      eprint         = "0810.0946",
      archivePrefix  = "arXiv",
      primaryClass   = "hep-lat",
}

@article{Sinclair:2010be,
      author         = "Sinclair, D. K. and Kogut, J . B.",
      title          = "{New results with colour-sextet quarks}",
      journal        = "PoS",
      volume         = "LATTICE2010",
      pages          = "071",
      year           = "2010",
      eprint         = "1008.2468",
      archivePrefix  = "arXiv",
      primaryClass   = "hep-lat",
}





@Article{Kogut:2011ty,
     author    = "Kogut, J. B. and Sinclair, D. K.",
     title     = "{Thermodynamics of lattice QCD with 2 sextet quarks on
                  $N_t$=8 lattices}",
     year      = "2011",
     eprint    = "1105.3749",
     archivePrefix = "arXiv",
     primaryClass  =  "hep-lat",
}





@Article{PhysRevD.74.114505,
     author    = "Kogut, J. B. and Sinclair, D. K.",
     title     = "{Rational hybrid Monte Carlo algorithm for theories with unknown spectral bounds}",
     journal   = "Phys. Rev. D",
     volume    = "74",
     year      = "2006",
     pages     = "114505",
     eprint    = "hep-lat/0608017",
     archivePrefix = "arXiv",
     doi       = "10.1103/PhysRevD.74.114505",
}

@ARTICLE{2010PhRvD..81k4507K,
   author = {{Kogut}, J.~B. and {Sinclair}, D.~K.},
    title = "{Thermodynamics of lattice QCD with 2 flavors of color-sextet quarks: A model of walking/conformal technicolor}",
  journal = "Phys. Rev. D",
archivePrefix = "arXiv",
   eprint = {1002.2988},
 primaryClass = "hep-lat",
 keywords = {Lattice gauge theory},
     year = 2010,
    month = jun,
   volume = 81,
   number = 11,
    pages = {114507},
      doi = {10.1103/PhysRevD.81.114507},
   adsurl = {http://adsabs.harvard.edu/abs/2010PhRvD..81k4507K},
  adsnote = {Provided by the SAO/NASA Astrophysics Data System}
}

@article{PhysRevLett.63.1195,
  title = "{Optimized Monte Carlo data analysis}",
  month = {Sep},
  journal = {Phys. Rev. Lett.},
  doi = {10.1103/PhysRevLett.63.1195},
  author = {Ferrenberg, Alan M. and Swendsen, Robert H.},
  year = {1989},
  issue = {12},
  url = {http://link.aps.org/doi/10.1103/PhysRevLett.63.1195},
  publisher = {American Physical Society},
  pages = {1195--1198},
  volume = {63}
}



@article{Arnold:2000hf,
      author         = "Arnold, G. and Lippert, T. and Schilling, K. and Neuhaus,
                        T.",
      title          = "{Finite size scaling analysis of compact QED}",
      journal        = "Nucl.Phys.Proc.Suppl.",
      volume         = "94",
      pages          = "651-656",
      doi            = "10.1016/S0920-5632(01)01001-5",
      year           = "2001",
      eprint         = "hep-lat/0011058",
      archivePrefix  = "arXiv",
      primaryClass   = "hep-lat",
}
@article{Jersak:1996mj,
      author         = "Jersak, J. and Lang, C.B. and Neuhaus, T.",
      title          = "{Four-dimensional pure compact U(1) gauge theory on a
                        spherical lattice}",
      journal        = "Phys.Rev. D",
      volume         = "54",
      pages          = "6909-6922",
      doi            = "10.1103/PhysRevD.54.6909",
      year           = "1996",
      eprint         = "hep-lat/9606013",
      archivePrefix  = "arXiv",
      primaryClass   = "hep-lat",
}

@article{Vettorazzo:2003fg,
      author         = "Vettorazzo, Michele and de Forcrand, Philippe",
      title          = "{Electromagnetic fluxes, monopoles, and the order of the
                        4-d compact U(1) phase transition}",
      journal        = "Nucl.Phys.",
      volume         = "B686",
      pages          = "85-118",
      doi            = "10.1016/j.nuclphysb.2004.02.038",
      year           = "2004",
      eprint         = "hep-lat/0311006",
      archivePrefix  = "arXiv",
      primaryClass   = "hep-lat",
}


@article{Campos:1998jp,
      author         = "Campos, Isabel and Cruz, Andres and Tarancon, Alfonso",
      title          = "{A Study of the phase transition in 4-D pure compact U(1)
                        LGT on toroidal and spherical lattices}",
      journal        = "Nucl.Phys.",
      volume         = "B528",
      pages          = "325-354",
      doi            = "10.1016/S0550-3213(98)00452-0",
      year           = "1998",
      eprint         = "hep-lat/9803007",
      archivePrefix  = "arXiv",
      primaryClass   = "hep-lat",
}



@ARTICLE{Klaus:1997be,
  author = {Klaus, Burkhard and Roiesnel, Claude},
  title = {{High-statistics finite size scaling analysis of U(1) lattice gauge
  theory with Wilson action}},
  journal = {Phys. Rev. D},
  year = {1998},
  volume = {58},
  pages = {114509},
  archiveprefix = {arXiv},
  doi = {10.1103/PhysRevD.58.114509},
  eprint = {hep-lat/9801036},
}




@INBOOK{mason:2002cp,
  title = {Chebyshev Polynomials},
  publisher = {CHAPMAN \& HALL/CRC},
  year = {2002},
  editor = {J.C. MASON
  
  D.C. HANDSCOMB},
  author = {J.C. MASON and D.C. HANDSCOMB},
  owner = {ddu},
  timestamp = {2011.06.08}
}




@ARTICLE{Boyd:1988,
  author = {Boyd, John P.},
  title = {{Chebyshev Domain Truncation Is Inferior to Fourier Domain Truncation
  for Solving Problems on an Infinite Interval}},
  journal = {Journal of Scientific Computing},
  year = {1998},
  volume = {3},
  pages = {109}
}



@ARTICLE{miller:1966,
  author = {G. F. Miller},
  title = {On the Convergence of the Chebyshev Series for Functions Possessing
  a Singularity in the
  
  Range of Representation},
  journal = {Journal on Numerical Analysis},
  year = {1966},
  volume = {3},
  pages = {390-409},
  owner = {DDU},
  timestamp = {2011.06.04}
}





@Article{Horsley:1981gj,
     author    = "Horsley, Roger and Wolff, Ulli",
     title     = "{WEAK COUPLING EXPANSION OF WILSON LOOPS IN COMPACT QED}",
     journal   = "Phys. Lett.",
     volume    = "B105",
     year      = "1981",
     pages     = "290",
     doi       = "10.1016/0370-2693(81)90891-1",
}


@Article{crg,
     author    = "Denbleyker, A. and Du, Daping and Liu, Yuzhi and Meurice,
                  Y. and Zou, Haiyuan",
     title     = "{Fisher's zeros as boundary of renormalization group flows
                  in complex coupling spaces}",
     year      = "2010",
     eprint    = "1005.1993",
     archivePrefix = "arXiv",
     primaryClass  =  "hep-lat",
}


@Article{Kaplan:2009kr,
     author    = "Kaplan, David B. and Lee, Jong-Wan and Son, Dam T. and
                  Stephanov, Mikhail A.",
     title     = "{Conformality Lost}",
     journal   = "Phys. Rev.",
     volume    = "D80",
     year      = "2009",
     pages     = "125005",
     eprint    = "0905.4752",
     archivePrefix = "arXiv",
     primaryClass  =  "hep-th",
     doi       = "10.1103/PhysRevD.80.125005",
}

@Article{Tomboulis:2009zz,
     author    = "Tomboulis, E. T.",
     title     = "{Long distance dynamics and confinement via RG
                  decimations}",
     journal   = "Mod. Phys. Lett. A",
     volume    = "24",
     year      = "2009",
     pages     = "2717-2730",
     doi       = "10.1142/S0217732309032307",
}


@Article{Hasenfratz:1984hx,
     author    = "Hasenfratz, A. and Hasenfratz, P. and Heller, Urs M. and
                  Karsch, F.",
     title     = "{IMPROVED MONTE CARLO RENORMALIZATION GROUP METHODS}",
     journal   = "Phys. Lett.",
     volume    = "B140",
     year      = "1984",
     pages     = "76",
     doi       = "10.1016/0370-2693(84)91051-7",
}

@Article{Hasenfratz:1984bx,
     author    = "Hasenfratz, A. and Hasenfratz, P. and Heller, Urs M. and
                  Karsch, F.",
     title     = "{THE beta FUNCTION OF THE SU(3) WILSON ACTION}",
     journal   = "Phys. Lett.",
     volume    = "B143",
     year      = "1984",
     pages     = "193",
     doi       = "10.1016/0370-2693(84)90833-5",
}



@Article{PhysRev.86.821,
  title = {The Spherical Model of a Ferromagnet},
  author = {Berlin, T. H. and Kac, M. },
  journal = {Phys. Rev.},
  volume = {86},
  number = {6},
  pages = {821--835},
  numpages = {14},
  year = {1952},
  month = {Jun},
  doi = {10.1103/PhysRev.86.821},
  publisher = {American Physical Society}
}


@Article{Nishimura:2009me,
     author    = "Nishimura, Hiromichi and Ogilvie, Michael C.",
     title     = "{A PNJL Model for Adjoint Fermions with Periodic Boundary
                  Conditions}",
     journal   = "Phys. Rev.",
     volume    = "D81",
     year      = "2010",
     pages     = "014018",
     eprint    = "0911.2696",
     archivePrefix = "arXiv",
     primaryClass  =  "hep-lat",
     doi       = "10.1103/PhysRevD.81.014018",
}

@Article{Myers:2009df,
     author    = "Myers, Joyce C. and Ogilvie, Michael C.",
     title     = "{Phase diagrams of SU(N) gauge theories with fermions in
                  various representations}",
     journal   = "JHEP",
     volume    = "07",
     year      = "2009",
     pages     = "095",
     eprint    = "0903.4638",
     archivePrefix = "arXiv",
     primaryClass  =  "hep-th",
     doi       = "10.1088/1126-6708/2009/07/095",
}


@Article{Myers:2007vc,
     author    = "Myers, Joyce C. and Ogilvie, Michael C.",
     title     = "{New Phases of SU(3) and SU(4) at Finite Temperature}",
     journal   = "Phys. Rev.",
     volume    = "D77",
     year      = "2008",
     pages     = "125030",
     eprint    = "0707.1869",
     archivePrefix = "arXiv",
     primaryClass  =  "hep-lat",
     doi       = "10.1103/PhysRevD.77.125030",
}


  
  @misc{su2progress,
  author    = " Denbleyker, A. and Daping, D. and Meurice, Y.  and Velytsky, A.",
    title={Fisher's Zeros of SU(2) Lattice Gauge Theory}, 
  Note = {preprint in preparation}}
@misc{onprogress,
  Author = {Meurice, Y. and Zou, Haiyuan},
  title={Complex RG Flows for 2D Nonlinear O(N) Sigma Models}, 
  Note = {preprint in preparation}}

@misc{hmprogress,
  Author = {Yuzhi, Liu and Meurice, Y.},
  title={Complex RG Flows for Dyson's Hierarchical Model}, 
  Note = {preprint in preparation}}

@Article{PhysRevB.27.1736,
  title = {Block-spin renormalization group in the large-$n$ limit},
  author = {Hirsch, Jorge E. and Shenker, Stephen H.},
  journal = {Phys. Rev. B},
  volume = {27},
  number = {3},
  pages = {1736--1744},
  numpages = {8},
  year = {1983},
  month = {Feb},
  doi = {10.1103/PhysRevB.27.1736},
  publisher = {American Physical Society}
}


@Article{Denbleyker:2007dy,
     author    = "Denbleyker, A. and Du, D. and Meurice, Y. and Velytsky, A.
                  ",
     title     = "{Fisher's Zeros and Perturbative Series in Gluodynamics}",
     journal   = "PoS",
     volume    = "LAT2007",
     year      = "2007",
     pages     = "269",
     eprint    = "0710.5771",
     archivePrefix = "arXiv",
     primaryClass  =  "hep-lat",
}



@Article{Bazavov:2009wz,
     author    = " Bazavov, A. and Denbleyker, A. and Daping, D. and Meurice, Y.  and Velytsky, A. and Haiyuan, Z.",
     title     = "{Dyson's Instability in Lattice Gauge Theory}",
  journal   = "PoS",
     volume    = "LAT2009",
     year      = "2009",
     pages     = "218",
          eprint    = "0910.5785",
     archivePrefix = "arXiv",
     primaryClass  =  "hep-lat",
}



@Article{Ilgenfritz:2009ck,
     author    = "Ilgenfritz, E. -M. and others",
     title     = "{Wilson loops in very high order lattice perturbation
                  theory}",
     year      = "2009",
     eprint    = "0910.2795",
     archivePrefix = "arXiv",
     primaryClass  =  "hep-lat",
}

@Article{Ejiri:2005ts,
     author    = "Ejiri, Shinji",
     title     = "{Lee-Yang zero analysis for the study of QCD phase
                  structure}",
     journal   = "Phys. Rev.",
     volume    = "D73",
     year      = "2006",
     pages     = "054502",
     eprint    = "hep-lat/0506023",
     archivePrefix = "arXiv",
     doi       = "10.1103/PhysRevD.73.054502",
}

@Article{Bazavov:2009pj,
     author    = "Bazavov, Alexei and Berg, Bernd A.",
     title     = "{Program package for multicanonical simulations of U(1)
                  lattice gauge theory}",
     journal   = "Comput. Phys. Commun.",
     volume    = "180",
     year      = "2009",
     pages     = "2339-2347",
     eprint    = "0903.3984",
     archivePrefix = "arXiv",
     primaryClass  =  "hep-lat",
     doi       = "10.1016/j.cpc.2009.07.006",
}


@Article{Meurice:2009bq,
     author    = "Meurice, Y.",
     title     = "{Dyson instability for 2D nonlinear O(N) sigma models}",
     year      = "2009",
     eprint    = "0907.2980",
     archivePrefix = "arXiv",
     primaryClass  =  "hep-lat",
     Journal = {Phys. Rev.},
  Pages = {054020},
    Volume = {D80},
}

@Article{pallante09,
     author    = "Pallante, E.",
     title     = "{Strongly and slightly flavored gauge theories}",
     year      = "2009",
     eprint    = "0912.5188",
     archivePrefix = "arXiv",
     primaryClass  =  "hep-lat",
}


@Article{deuzeman09,
     author    = "Deuzeman, A. and Lombardo, M. P. and Pallante, E.",
     title     = "{Evidence for a conformal phase in SU(N) gauge theories}",
     year      = "2009",
     eprint    = "0904.4662",
     archivePrefix = "arXiv",
     primaryClass  =  "hep-ph",
}

@Article{shamir08,
     author    = "Shamir, Yigal and Svetitsky, Benjamin and DeGrand, Thomas",
     title     = "{Zero of the discrete beta function in SU(3) lattice gauge
                  theory with color sextet fermions}",
     journal   = "Phys. Rev. D",
     volume    = "78",
     year      = "2008",
     pages     = "031502",
     eprint    = "0803.1707",
     archivePrefix = "arXiv",
     primaryClass  =  "hep-lat",
     doi       = "10.1103/PhysRevD.78.031502",
}



@Article{fodor09,
     author    = "Fodor, Zoltan and Holland, Kieran and Kuti, Julius and
                  Nogradi, Daniel and Schroeder, Chris",
     title     = "{Nearly conformal gauge theories in finite volume}",
     journal   = "Phys. Lett. B",
     volume    = "681",
     year      = "2009",
     pages     = "353-361",
     eprint    = "0907.4562",
     archivePrefix = "arXiv",
     primaryClass  =  "hep-lat",
     doi       = "10.1016/j.physletb.2009.10.040",
}


@Article{hasenfratz09,
     author    = "Hasenfratz, Anna",
     title     = "{Investigating the critical properties of beyond-QCD
                  theories using Monte Carlo Renormalization Group
                  matching}",
     journal   = "Phys. Rev. D",
     volume    = "80",
     year      = "2009",
     pages     = "034505",
     eprint    = "0907.0919",
     archivePrefix = "arXiv",
     primaryClass  =  "hep-lat",
     doi       = "10.1103/PhysRevD.80.034505",
}



@Article{appelquist09,
     author    = "Appelquist, Thomas and Fleming, George T. and Neil, Ethan
                  T.",
     title     = "{Lattice Study of Conformal Behavior in SU(3) Yang-Mills
                  Theories}",
     journal   = "Phys. Rev. D",
     volume    = "79",
     year      = "2009",
     pages     = "076010",
     eprint    = "0901.3766",
     archivePrefix = "arXiv",
     primaryClass  =  "hep-ph",
     doi       = "10.1103/PhysRevD.79.076010",
}



@Article{banks81,
     author    = "Banks, Tom and Zaks, A.",
     title     = "{On the Phase Structure of Vector-Like Gauge Theories with
                  Massless Fermions}",
     journal   = "Nucl. Phys.",
     volume    = "B196",
     year      = "1982",
     pages     = "189",
     doi       = "10.1016/0550-3213(82)90035-9",
}

@Article{moroz09,
     author    = "Moroz, Sergej and Schmidt, Richard",
     title     = "{Nonrelativistic inverse square potential, scale anomaly,
                  and complex extension}",
     journal   = "Annals Phys.",
     volume    = "325",
     year      = "2010",
     pages     = "491-513",
     eprint    = "0909.3477",
     archivePrefix = "arXiv",
     primaryClass  =  "hep-th",
     doi       = "10.1016/j.aop.2009.10.002",
}


@article{kaplan09,
  Archiveprefix = {arXiv},
  Author = {Kaplan, David B. and Lee, Jong-Wan and Son, Dam T. and Stephanov, Mikhail A.},
  Eprint = {0905.4752},
  Primaryclass = {hep-th},
  Title = {{Conformality Lost}},
  Year = {2009}}

@article{Denbleyker:2008ss,
  Archiveprefix = {arXiv},
  Author = {Denbleyker, A. and Du, Daping and Liu, Yuzhi and Meurice, Y. and Velytsky, A.},
  Doi = {10.1103/PhysRevD.78.054503},
  Eprint = {0807.0185},
  Journal = {Phys. Rev. D},
  Pages = {054503},
  Primaryclass = {hep-lat},
  Title = {{Series expansions of the density of states in SU(2) lattice gauge theory}},
  Volume = {78},
  Year = {2008},
  Bdsk-Url-1 = {http://dx.doi.org/10.1103/PhysRevD.78.054503}}

@article{Polyakov:2004br,
  Archiveprefix = {arXiv},
  Author = {Polyakov, A. M.},
  Doi = {10.1142/S0217732304015129},
  Eprint = {hep-th/0405106},
  Journal = {Mod. Phys. Lett.},
  Pages = {1649-1660},
  Title = {{Conformal fixed points of unidentified gauge theories}},
  Volume = {A19},
  Year = {2004},
  Bdsk-Url-1 = {http://dx.doi.org/10.1142/S0217732304015129}}

@article{Kessler:1985ge,
  Author = {Kessler, David A. and Neuberger, Herbert},
  Doi = {10.1016/0370-2693(85)90392-2},
  Journal = {Phys. Lett.},
  Pages = {416},
  Title = {{INFINITE N (phi**2)**3 in three-dimensions ON THE LATTICE}},
  Volume = {B157},
  Year = {1985},
  Bdsk-Url-1 = {http://dx.doi.org/10.1016/0370-2693(85)90392-2}}

@article{Novikov:1984ac,
  Author = {Novikov, V. A. and Shifman, Mikhail A. and Vainshtein, A.                   I. and Zakharov, Valentin I.},
  Doi = {10.1016/0370-1573(84)90021-8},
  Journal = {Phys. Rept.},
  Pages = {103},
  Title = {{Two-Dimensional Sigma Models: Modeling Nonperturbative                   Effects of Quantum Chromodynamics}},
  Volume = {116},
  Year = {1984},
  Bdsk-Url-1 = {http://dx.doi.org/10.1016/0370-1573(84)90021-8}}

@book{Polyakov:1987ez,
  Address = {Chur, Switzerland},
  Author = {Polyakov, Alexander M.},
  Date-Modified = {2009-07-16 11:00:51 -0500},
  Editor = { },
  Publisher = {Harwood},
  Title = {Gauge Fields and Strings},
  Year = {1987}}

@article{Bringoltz:2008zq,
  Archiveprefix = {arXiv},
  Author = {Bringoltz, Barak and Sharpe, Stephen R.},
  Eprint = {0807.1275},
  Primaryclass = {hep-lat},
  Title = {{Applying the Wang-Landau Algorithm to Lattice Gauge                   Theory}},
  Year = {2008}}

@article{denbleyker:054503,
  Author = {A. Denbleyker and Daping Du and Yuzhi Liu and Y. Meurice and A. Velytsky},
  Doi = {10.1103/PhysRevD.78.054503},
  Eid = {054503},
  Journal = {Physical Review D (Particles and Fields)},
  Number = {5},
  Numpages = {11},
  Pages = {054503},
  Publisher = {APS},
  Title = {Series expansions of the density of states in SU(2) lattice gauge theory},
  Url = {http://link.aps.org/abstract/PRD/v78/e054503},
  Volume = {78},
  Year = {2008},
  Bdsk-Url-1 = {http://link.aps.org/abstract/PRD/v78/e054503},
  Bdsk-Url-2 = {http://dx.doi.org/10.1103/PhysRevD.78.054503}}

@article{Shifman:1978bx,
  Author = {Shifman, Mikhail A. and Vainshtein, A. I. and Zakharov,                   Valentin I.},
  Doi = {10.1016/0550-3213(79)90022-1},
  Journal = {Nucl. Phys.},
  Pages = {385-447},
  Title = {{QCD and Resonance Physics. Sum Rules}},
  Volume = {B147},
  Year = {1979},
  Bdsk-Url-1 = {http://dx.doi.org/10.1016/0550-3213(79)90022-1}}

@article{Tomboulis:2007re,
  Archiveprefix = {arXiv},
  Author = {Tomboulis, E. T. and Velytsky, A.},
  Doi = {10.1103/PhysRevLett.98.181601},
  Eprint = {hep-lat/0702027},
  Journal = {Phys. Rev. Lett.},
  Pages = {181601},
  Title = {{Improving the improved action}},
  Volume = {98},
  Year = {2007},
  Bdsk-Url-1 = {http://dx.doi.org/10.1103/PhysRevLett.98.181601}}

@article{Davier:2008sk,
  Archiveprefix = {arXiv},
  Author = {Davier, M. and Descotes-Genon, S. and Hocker, Andreas and Malaescu, B. and Zhang, Z.},
  Eprint = {0803.0979},
  Primaryclass = {hep-ph},
  Title = {{The Determination of alpha_s from Tau Decays Revisited}},
  Year = {2008}}

@article{Maltman:2008nf,
  Archiveprefix = {arXiv},
  Author = {Maltman, K. and Yavin, T.},
  Eprint = {0807.0650},
  Primaryclass = {hep-ph},
  Title = {{Alpha_s(M_Z) from hadronic tau decays}},
  Year = {2008}}

@article{Davies:2008sw,
  Archiveprefix = {arXiv},
  Author = {Davies, C. T. H. and others},
  Collaboration = {HPQCD},
  Eprint = {0807.1687},
  Primaryclass = {hep-lat},
  Title = {{Update: Accurate Determinations of $\alpha_s$ from Realistic Lattice QCD}},
  Year = {2008}}

@article{tomboulis07b,
  Archiveprefix = {arXiv},
  Author = {Tomboulis, E. T.},
  Eprint = {0710.1894},
  Journal = {PoS},
  Pages = {336},
  Primaryclass = {hep-lat},
  Title = {{Deriving confinement via RG decimations}},
  Volume = {LATTICE2007},
  Year = {2007}}

@article{tomboulis07,
  Archiveprefix = {arXiv},
  Author = {Tomboulis, E. T.},
  Eprint = {0707.2179},
  Primaryclass = {hep-th},
  Title = {{Confinement for all values of the coupling in four- dimensional SU(2) gauge theory}},
  Year = {2007}}

@article{Tomboulis:2007rn,
  Archiveprefix = {arXiv},
  Author = {Tomboulis, E. T. and Velytsky, A.},
  Doi = {10.1103/PhysRevD.75.076002},
  Eprint = {hep-lat/0702015},
  Journal = {Phys. Rev. D},
  Pages = {076002},
  Title = {{Renormalization group therapy}},
  Volume = {75},
  Year = {2007},
  Bdsk-Url-1 = {http://dx.doi.org/10.1103/PhysRevD.75.076002}}

@article{npp,
  Archiveprefix = {arXiv},
  Author = {Meurice, Y.},
  Doi = {10.1103/PhysRevD.74.096005},
  Eprint = {hep-lat/0609005},
  Journal = {Phys. Rev. D},
  Pages = {096005},
  Title = {{The non-perturbative part of the plaquette in quenched QCD}},
  Volume = {74},
  Year = {2006},
  Bdsk-Url-1 = {http://dx.doi.org/10.1103/PhysRevD.74.096005}}

@article{zerosqg,
  Archiveprefix = {arXiv},
  Author = {Denbleyker, A. and Du, D. and Meurice, Y. and Velytsky, A.},
  Doi = {10.1103/PhysRevD.76.116002},
  Eprint = {0708.0438},
  Journal = {Phys. Rev. D},
  Pages = {116002},
  Primaryclass = {hep-lat},
  Title = {{Fisher's zeros of quasi-Gaussian densities of states}},
  Volume = {76},
  Year = {2007},
  Bdsk-Url-1 = {http://dx.doi.org/10.1103/PhysRevD.76.116002}}

@article{nlbinder,
  Archiveprefix = {arXiv},
  Author = {Meurice, Yannick},
  Eprint = {0712.1190},
  Primaryclass = {hep-lat},
  Title = {{How to control nonlinear effects in Binder cumulants}},
  Year = {2007}}

@article{lat07,
  Archiveprefix = {arXiv},
  Author = {Denbleyker, A. and Du, D. and Meurice, Y. and Velytsky, A.},
  Eprint = {0710.5771},
  Journal = {PoS},
  Pages = {269},
  Primaryclass = {hep-lat},
  Title = {{Fisher's Zeros and Perturbative Series in Gluodynamics}},
  Volume = {LAT2007},
  Year = {2007}}

@article{coste85,
  Author = {Coste, A. and Gonzalez-Arroyo, Antonio and Jurkiewicz, J. and Korthals Altes, C. P.},
  Date-Added = {2008-06-20 07:17:50 -0500},
  Date-Modified = {2008-06-20 07:23:05 -0500},
  Journal = {Nucl. Phys.},
  Pages = {67},
  Title = {ZERO MOMENTUM CONTRIBUTION TO WILSON LOOPS IN PERIODIC BOXES},
  Volume = {B262},
  Year = {1985}}

@article{olsson96,
  Author = {Olsson, Peter},
  Doi = {10.1103/PhysRevB.55.3585},
  Journal = {Phys. Rev. B},
  Month = {Feb},
  Number = {6},
  Numpages = {17},
  Pages = {3585--3602},
  Publisher = {American Physical Society},
  Title = {Monte Carlo study of the Villain version of the fully frustrated XY model},
  Volume = {55},
  Year = {1997},
  Bdsk-Url-1 = {http://dx.doi.org/10.1103/PhysRevB.55.3585}}

@article{bogolubsky04,
  Author = {Bogolubsky, I. L. and Mitrjushkin, V. K. and Sergeev, A. V. and Muller-Preussker, M. and Stuben, H.},
  Journal = {Nucl. Phys. Proc. Suppl.},
  Pages = {611-613},
  Title = {Polyakov loops and Binder cumulants in SU(2) theory on large lattices},
  Volume = {129},
  Year = {2004}}

@article{hmreview,
  Author = {Meurice, Y.},
  Eprint = {hep-th/0701191},
  Journal = {J. Phys.},
  Pages = {R39},
  Title = {Nonlinear Aspects of the Renormalization Group Flows of Dyson's Hierarchical Model},
  Volume = {A40},
  Year = {2007}}

@article{hasenbusch98,
  Author = {Hasenbusch, M. and Pinn, K. and Vinti, S.},
  Eprint = {hep-lat/9806012},
  Title = {Critical exponents of the 3D Ising universality class from finite size scaling with standard and improved actions},
  Year = {1998}}

@article{sinclair07,
  Author = {Sinclair, D. K. and Kogut, J. B.},
  Eprint = {arXiv:0709.2367 [hep-lat]},
  Title = {Phase Quenched Lattice QCD at Finite Density and Temperature},
  Year = {2007}}

@article{sinclair06,
  Author = {Sinclair, D. K. and Kogut, J. B.},
  Eprint = {hep-lat/0609041},
  Journal = {PoS},
  Pages = {147},
  Title = {Searching for the elusive critical endpoint at finite temperature and isospin density},
  Volume = {LAT2006},
  Year = {2006}}

@article{deforcrand07a,
  Author = {de Forcrand, Ph. and Stephanov, M. A. and Wenger, U.},
  Eprint = {arXiv:0711.0023 [hep-lat]},
  Title = {On the phase diagram of QCD at finite isospin density},
  Year = {2007}}

@article{deforcrand07b,
  Author = {de Forcrand, Philippe and Kim, Seyong and Philipsen, Owe},
  Eprint = {arXiv:0711.0262 [hep-lat]},
  Title = {A QCD chiral critical point at small chemical potential: is it there or not?},
  Year = {2007}}

@article{velytsky07,
  Author = {Velytsky, Alexander},
  Eprint = {arXiv:0711.0748 [hep-lat]},
  Title = {Finite temperature SU(2) gauge theory: critical coupling and universality class},
  Year = {2007}}

@article{barber85,
  Author = {Barber, Michael N. and Pearson, R. B. and Toussaint, Doug and Richardson, John L.},
  Doi = {10.1103/PhysRevB.32.1720},
  Journal = {Phys. Rev. B},
  Month = {Aug},
  Number = {3},
  Numpages = {10},
  Pages = {1720--1730},
  Publisher = {American Physical Society},
  Title = {Finite-size scaling in the three-dimensional Ising model},
  Volume = {32},
  Year = {1985},
  Bdsk-Url-1 = {http://dx.doi.org/10.1103/PhysRevB.32.1720}}

@article{ferrenberg91,
  Author = {Ferrenberg, Alan M. and Landau, D. P.},
  Doi = {10.1103/PhysRevB.44.5081},
  Journal = {Phys. Rev. B},
  Month = {Sep},
  Number = {10},
  Numpages = {10},
  Pages = {5081--5091},
  Publisher = {American Physical Society},
  Title = {Critical behavior of the three-dimensional Ising model: A high-resolution Monte Carlo study},
  Volume = {44},
  Year = {1991},
  Bdsk-Url-1 = {http://dx.doi.org/10.1103/PhysRevB.44.5081}}

@article{fingberg92,
  Author = {Fingberg, J. and Heller, Urs M. and Karsch, F.},
  Eprint = {hep-lat/9208012},
  Journal = {Nucl. Phys.},
  Pages = {493-517},
  Title = {Scaling and asymptotic scaling in the SU(2) gauge theory},
  Volume = {B392},
  Year = {1993}}

@article{engels89,
  Author = {Engels, J. and Fingberg, J. and Weber, M.},
  Journal = {Nucl. Phys.},
  Pages = {737},
  Title = {FINITE SIZE SCALING ANALYSIS OF SU(2) LATTICE GAUGE THEORY IN (3+1)-DIMENSIONS},
  Volume = {B332},
  Year = {1990}}

@article{svetitsky82,
  Author = {Svetitsky, Benjamin and Yaffe, Laurence G.},
  Journal = {Nucl. Phys.},
  Pages = {423},
  Title = {Critical Behavior at Finite Temperature Confinement Transitions},
  Volume = {B210},
  Year = {1982}}

@article{binder01,
  Author = {Binder, K. and Luijten, E.},
  Journal = {Phys. Rept.},
  Pages = {179-253},
  Title = {Monte Carlo tests of renormalization group predictions for critical phenomena in Ising models},
  Volume = {344},
  Year = {2001}}

@article{binder81,
  Author = {Binder, K.},
  Journal = {Z. Phys.},
  Pages = {119-140},
  Title = {Finite size scaling analysis of Ising model block distribution functions},
  Volume = {B43},
  Year = {1981}}

@article{quasig,
  Author = {Denbleyker, A. and Du, D. and Meurice, Y. and Velytsky, A.},
  Date-Modified = {2008-07-11 15:54:27 -0500},
  Eprint = {arXiv:0708.0438 [hep-lat]},
  Journal = {Phys. Rev. D},
  Pages = {116002},
  Title = {Fisher's zeros of quasi-Gaussian densities of states},
  Volume = {76},
  Year = {2007}}

@article{alves89,
  Author = {Alves, Nelson A. and Berg, Bernd A. and Villanova, Ramon},
  Journal = {Phys. Rev. B},
  Pages = {383-394},
  Title = {ISING MODEL MONTE CARLO SIMULATIONS: DENSITY OF STATES AND MASS GAP},
  Volume = {41},
  Year = {1990}}

@article{lattice06,
  Author = {Denbleyker, A. and Du, D. and Meurice, Y. and Naides, M.},
  Eprint = {hep-lat/0610008},
  Journal = {PoS},
  Pages = {215},
  Title = {Definition and parametrization of non-perturbative effects in quenched QCD},
  Volume = {LAT2006},
  Year = {2006}}

@article{alves90,
  Author = {Alves, Nelson A. and Berg, Bernd A. and Sanielevici, Sergiu},
  Journal = {Phys. Lett.},
  Pages = {557},
  Title = {BINDER ENERGY CUMULANT FOR SU(3) LATTICE GAUGE THEORY},
  Volume = {B241},
  Year = {1990}}

@article{alves90b,
  Author = {Alves, Nelson A. and Berg, Bernd A. and Sanielevici, Sergiu},
  Journal = {Phys. Rev. Lett.},
  Pages = {3107-3110},
  Title = {PARTITION FUNCTION ZEROS AND THE SU(3) DECONFINING PHASE TRANSITION},
  Volume = {64},
  Year = {1990}}

@inbook{fisher65,
  Address = {Boulder, Colorado},
  Author = {Michael Fisher},
  Publisher = {University of Colorado Press},
  Title = {in Lectures in Theoretical Physics Vol. VIIC},
  Year = {1965}}

@misc{alves97,
  Author = {Nelson A. Alves and J.~R.~Drugowich {de Felicio} and Ulrich H.~E. Hansmann},
  Title = {A new look at the 2D Ising model from exact partition function zeros for large lattice sizes},
  Url = {http://www.citebase.org/abstract?id=oai:arXiv.org:cond-mat/9707072},
  Year = {1997},
  Bdsk-Url-1 = {http://www.citebase.org/abstract?id=oai:arXiv.org:cond-mat/9707072}}

@article{janke00,
  Author = {Janke, Wolfhard and Kenna, Ralph},
  Eprint = {cond-mat/0012026},
  Journal = {J. Stat. Phys.},
  Pages = {1211},
  Title = {The Strength of First and Second Order Phase Transitions from Partition Function Zeroes},
  Volume = {102},
  Year = {2001}}

@article{janke04,
  Author = {Janke, W. and Johnston, D. A. and Kenna, R.},
  Eprint = {cond-mat/0401097},
  Journal = {Nucl. Phys.},
  Pages = {618-634},
  Title = {Phase Transition Strength through Densities of General Distributions of Zeroes},
  Volume = {B682},
  Year = {2004}}

@misc{hid,
  Author = {H. Sonoda},
  Note = {private communication}}

@book{cardy96,
  Author = {Cardy, John L.},
  Address= {Cambridge, UK}, Publisher={ Cambridge}, Year={1996}, 
  Title = {Scaling and Renormalization in Statistical Physics}}

@article{bagnuls90,
  Author = {Bagnuls, C. and Bervillier, C.},
  Doi = {10.1103/PhysRevB.41.402},
  Journal = {Phys. Rev. B},
  Month = {Jan},
  Number = {1},
  Numpages = {4},
  Pages = {402--406},
  Publisher = {American Physical Society},
  Title = {Field-theoretical approach to critical phenomena},
  Volume = {41},
  Year = {1990},
  Bdsk-Url-1 = {http://dx.doi.org/10.1103/PhysRevB.41.402}}

@article{bagnuls97,
  Author = {Bagnuls, C. and Bervillier, C.},
  Journal = {J. Phys. Stud.},
  Pages = {366},
  Title = {Field-theoretical techniques in the study of critical phenomena},
  Volume = {1},
  Year = {1997}}

@article{bagnuls00b,
  Author = {Bagnuls, C. and Bervillier, C.},
  Eprint = {hep-th/0002254},
  Journal = {Condensed Matter Phys.},
  Pages = {559},
  Title = {Renormalization group domains of the scalar Hamiltonian},
  Volume = {3},
  Year = {2000}}

@article{bervillier04,
  Author = {Bervillier, C.},
  Eprint = {hep-th/0405025},
  Journal = {Phys. Lett.},
  Pages = {93-100},
  Title = {The Wilson-Polchinski exact renormalization group equation},
  Volume = {A332},
  Year = {2004}}

@article{wetterich92,
  Author = {Wetterich, Christof},
  Journal = {Phys. Lett.},
  Pages = {90-94},
  Title = {Exact evolution equation for the effective potential},
  Volume = {B301},
  Year = {1993}}

@article{ellwanger93,
  Author = {Ellwanger, Ulrich},
  Eprint = {hep-ph/9308260},
  Journal = {Z. Phys.},
  Pages = {503-510},
  Title = {FLow equations for N point functions and bound states},
  Volume = {C62},
  Year = {1994}}

@misc{abd06,
  Author = {Abdelmalek Abdesselam},
  Title = {A Complete Renormalization Group Trajectory Between Two Fixed Points},
  Url = {http://www.citebase.org/abstract?id=oai:arXiv.org:math-ph/0610018},
  Year = {2006},
  Bdsk-Url-1 = {http://www.citebase.org/abstract?id=oai:arXiv.org:math-ph/0610018}}

@article{direnzo06,
  Author = {Di Renzo, F. and Laine, M. and Miccio, V. and Schroder, Y. and Torrero, C.},
  Eprint = {hep-ph/0605042},
  Journal = {JHEP},
  Pages = {026},
  Title = {The leading non-perturbative coefficient in the weak- coupling expansion of hot QCD pressure},
  Volume = {07},
  Year = {2006}}

@article{polonyi04,
  Author = {Polonyi, J. and Sailer, K.},
  Eprint = {hep-th/0410271},
  Journal = {Phys. Rev. D},
  Pages = {025010},
  Title = {Renormalization group in the internal space},
  Volume = {71},
  Year = {2005}}

@article{alexandre01,
  Author = {Alexandre, J. and Polonyi, J. and Sailer, K.},
  Eprint = {hep-th/0111152},
  Journal = {Phys. Lett.},
  Pages = {316-320},
  Title = {Functional Callan-Symanzik equation for QED},
  Volume = {B531},
  Year = {2002}}

@article{litim01b,
  Author = {Litim, Daniel F.},
  Eprint = {hep-th/0103195},
  Journal = {Phys. Rev. D},
  Pages = {105007},
  Title = {Optimised renormalisation group flows},
  Volume = {64},
  Year = {2001}}

@article{litim01,
  Author = {Litim, Daniel F.},
  Eprint = {hep-th/0104221},
  Journal = {Int. J. Mod. Phys.},
  Pages = {2081-2088},
  Title = {Mind the gap},
  Volume = {A16},
  Year = {2001}}

@article{litim06,
  Author = {Litim, Daniel F. and Pawlowski, Jan M. and Vergara, Lautaro},
  Eprint = {hep-th/0602140},
  Title = {Convexity of the effective action from functional flows},
  Year = {2006}}

@article{dattanasio97,
  Author = {D'Attanasio, Marco and Morris, Tim R.},
  Eprint = {hep-th/9704094},
  Journal = {Phys. Lett.},
  Pages = {363-370},
  Title = {Large N and the renormalization group},
  Volume = {B409},
  Year = {1997}}

@article{kubyshin02,
  Author = {Kubyshin, Yu. A. and Neves, R. and Potting, R.},
  Eprint = {hep-th/0202199},
  Journal = {Int. J. Mod. Phys.},
  Pages = {4871-4902},
  Title = {Solutions of the Polchinski ERG equation in the O(N) scalar model},
  Volume = {A17},
  Year = {2002}}

@article{tetradis95,
  Author = {Tetradis, N. and Litim, D. F.},
  Eprint = {hep-th/9512073},
  Journal = {Nucl. Phys.},
  Pages = {492-511},
  Title = {Analytical Solutions of Exact Renormalization Group Equations},
  Volume = {B464},
  Year = {1996}}

@article{tetradis93,
  Author = {Tetradis, N. and Wetterich, C.},
  Eprint = {hep-ph/9308214},
  Journal = {Nucl. Phys.},
  Pages = {541-592},
  Title = {Critical exponents from effective average action},
  Volume = {B422},
  Year = {1994}}

@article{litim95,
  Author = {Litim, D. and Tetradis, N.},
  Eprint = {hep-th/9501042},
  Title = {Approximate solutions of exact renormalization group equations},
  Year = {1995}}

@article{litim98,
  Author = {Litim, Daniel F. and Pawlowski, Jan M.},
  Eprint = {hep-th/9901063},
  Title = {On gauge invariant Wilsonian flows},
  Year = {1998}}

@article{litim02b,
  Author = {Litim, Daniel F. and Pawlowski, Jan M.},
  Eprint = {hep-th/0208216},
  Journal = {Phys. Lett.},
  Pages = {279-286},
  Title = {Wilsonian flows and background fields},
  Volume = {B546},
  Year = {2002}}

@article{pawlowski03,
  Author = {Pawlowski, Jan M. and Litim, Daniel F. and Nedelko, Sergei and von Smekal, Lorenz},
  Eprint = {hep-th/0312324},
  Journal = {Phys. Rev. Lett.},
  Pages = {152002},
  Title = {Infrared behaviour and fixed points in Landau gauge QCD},
  Volume = {93},
  Year = {2004}}

@article{pawlowski05,
  Author = {Pawlowski, Jan M.},
  Eprint = {hep-th/0512261},
  Title = {Aspects of the functional renormalisation group},
  Year = {2005}}

@article{fine,
  Author = {N. Fine},
  Journal = {Trans. Amer . Math.},
  Pages = {372},
  Volume = {65},
  Year = {1949}}

@article{morris94,
  Author = {Morris, Tim R.},
  Eprint = {hep-th/9405190},
  Journal = {Phys. Lett.},
  Pages = {355-362},
  Title = {On truncations of the exact renormalization group},
  Volume = {B334},
  Year = {1994}}

@article{bervillier07,
  Author = {Bervillier, Claude and Juttner, Andreas and Litim, Daniel F.},
  Eprint = {hep-th/0701172},
  Title = {High-accuracy scaling exponents in the local potential approximation},
  Year = {2007}}

@article{holland04,
  Author = {Holland, K.},
  Eprint = {hep-lat/0409112},
  Journal = {Nucl. Phys. Proc. Suppl.},
  Pages = {155-161},
  Title = {Triviality and the Higgs mass lower bound},
  Volume = {140},
  Year = {2005}}

@article{Sym91,
  Author = {Meurice, Yannick},
  Journal = {Phys. Lett.},
  Pages = {377-381},
  Title = {Symanzik's field theory of p-adic spaces},
  Volume = {B265},
  Year = {1991}}

@article{Lucio90,
  Author = {Lucio, J. L. and Meurice, Y.},
  Journal = {Mod. Phys. Lett.},
  Pages = {1199-1202},
  Title = {Asymptotic properties of random walks on p-adic spaces},
  Volume = {A6},
  Year = {1991}}

@article{fukuda74,
  Author = {Fukuda, R. and Kyriakopoulos, E.},
  Journal = {Nucl. Phys.},
  Pages = {354},
  Title = {DERIVATION OF THE EFFECTIVE POTENTIAL},
  Volume = {B85},
  Year = {1975}}

@article{dorlas90,
  Author = {Dorlas, T. C.},
  Journal = {Commun. Math. Phys.},
  Pages = {169-194},
  Title = {RENORMALIZATION GROUP ANALYSIS OF A SIMPLE HIERARCHICAL FERMION MODEL},
  Volume = {136},
  Year = {1991}}

@article{lerner94,
  Author = {Lerner, E. Yu. and Missarov, M. D.},
  Journal = {Theor. Math. Phys.},
  Pages = {1353-1360},
  Title = {Renormalization group in a fermionic hierarchical model},
  Volume = {101},
  Year = {1994}}

@article{thooft76,
  Author = {'t Hooft, Gerard},
  Journal = {Phys. Rev. D},
  Pages = {3432-3450},
  Title = {Computation of the quantum effects due to a four- dimensional pseudoparticle},
  Volume = {14},
  Year = {1976}}

@book{serre,
  Address = {New York},
  Author = {Serre, J.P.},
  Publisher = {Springer},
  Title = {A Course in Arithmetic},
  Year = {1973}}

@article{zinnjustinbook,
  Author = {Zinn-Justin, Jean},
  Journal = {Int. Ser. Monogr. Phys.},
  Pages = {1-1054},
  Title = {Quantum field theory and critical phenomena},
  Volume = {113},
  Year = {2002}}

@article{asymp06,
  Author = {Li, L. and Meurice, Y.},
  Eprint = {hep-th/0507196},
  Journal = {J. Phys.},
  Pages = {8681-8698},
  Title = {Asymptotically universal crossover in perturbation theory with a field cutoff},
  Volume = {A39},
  Year = {2006}}

@article{ball94,
  Author = {Ball, Richard D. and Haagensen, Peter E. and Latorre, Jose, I. and Moreno, Enrique},
  Eprint = {hep-th/9411122},
  Journal = {Phys. Lett.},
  Pages = {80-88},
  Title = {Scheme independence and the exact renormalization group},
  Volume = {B347},
  Year = {1995}}

@article{bricmont01,
  Author = {Bricmont, J. and Kupiainen, A. and Lefevere, R.},
  Journal = {Phys. Rept.},
  Pages = {5-31},
  Title = {Renormalizing the renormalization group pathologies},
  Volume = {348},
  Year = {2001}}

@article{sonoda90,
  Author = {Sonoda, Hidenori},
  Journal = {Nucl. Phys.},
  Pages = {585-600},
  Title = {Short distance behavior of renormalizable quantum field theories},
  Volume = {B352},
  Year = {1991}}

@article{nicoll76,
  Author = {Nicoll, J. F. and Chang, T. S. and Stanley, H. E.},
  Doi = {10.1103/PhysRevA.13.1251},
  Journal = {Phys. Rev. A},
  Month = {Mar},
  Number = {3},
  Numpages = {13},
  Pages = {1251--1264},
  Publisher = {American Physical Society},
  Title = {Exact and approximate differential renormalization-group generators},
  Volume = {13},
  Year = {1976},
  Bdsk-Url-1 = {http://dx.doi.org/10.1103/PhysRevA.13.1251}}

@article{riedel86,
  Author = {Riedel, E. and Golner, G. R. and Newman, K. E.},
  Journal = {Annals Phys.},
  Pages = {178-238},
  Title = {SCALING FIELD REPRESENTATION OF WILSON'S EXACT RENORMALIZATION GROUP EQUATION},
  Volume = {161},
  Year = {1985}}

@article{morris93,
  Author = {Morris, Tim R.},
  Eprint = {hep-ph/9308265},
  Journal = {Int. J. Mod. Phys.},
  Pages = {2411-2450},
  Title = {The Exact renormalization group and approximate solutions},
  Volume = {A9},
  Year = {1994}}

@article{wegner72b,
  Author = {Wegner, Franz J. and Houghton, Anthony},
  Journal = {Phys. Rev. A},
  Pages = {401-412},
  Title = {Renormalization group equation for critical phenomena},
  Volume = {8},
  Year = {1973}}

@article{collet77b,
  Author = {Collet, P. and Eckmann, J. P. and Hirsbrunner, B.},
  Journal = {Phys. Lett.},
  Pages = {385-386},
  Title = {A NUMERICAL TEST OF BOREL SUMMABILITY IN THE EPSILON EXPANSION OF THE HIERARCHICAL MODEL},
  Volume = {B71},
  Year = {1977}}

@article{kim77,
  Author = {Kim, D. and Thompson, Colin J.},
  Journal = {J. Phys.},
  Pages = {1579-1598},
  Title = {CRITICAL PROPERTIES OF DYSON'S HIERARCHICAL MODEL},
  Volume = {A10},
  Year = {1977}}

@article{kupiainen83,
  Author = {Gawedzki, K. and Kupiainen, A.},
  Journal = {Commun. Math. Phys.},
  Pages = {191-220},
  Title = {NONGAUSSIAN FIXED POINTS OF THE BLOCK SPIN TRANSFORMATION. HIERARCHICAL MODEL APPROXIMATION},
  Volume = {89},
  Year = {1983}}

@article{pinn94,
  Author = {Pinn, K. and Pordt, A. and Wieczerkowski, C.},
  Eprint = {hep-lat/9402020},
  Journal = {J. Statist. Phys.},
  Pages = {977},
  Title = {Algebraic computation of hierarchical renormalization group fixed points and their epsilon expansions},
  Volume = {77},
  Year = {1994}}

@article{baker77,
  Author = {Baker, George A. and Golner, Geoffrey R.},
  Doi = {10.1103/PhysRevB.16.2081},
  Journal = {Phys. Rev. B},
  Month = {Sep},
  Number = {5},
  Numpages = {13},
  Pages = {2081--2094},
  Publisher = {American Physical Society},
  Title = {Critical and tricritical behavior in the hierarchical model},
  Volume = {16},
  Year = {1977},
  Bdsk-Url-1 = {http://dx.doi.org/10.1103/PhysRevB.16.2081}}

@article{wieczerkowski94,
  Author = {Wieczerkowski, C. and Xylander, Y.},
  Eprint = {hep-th/9411191},
  Journal = {Nucl. Phys.},
  Pages = {393-404},
  Title = {Improved actions, the perfect action, and scaling by perturbation theory in Wilson's renormalization group: The Two-dimensional O(N) invariant nonlinear sigma model in the hierarchical approximation},
  Volume = {B440},
  Year = {1995}}

@article{lerner96,
  Author = {Lerner, E. Yu. and Missarov, M. D.},
  Journal = {Theor. Math. Phys.},
  Pages = {579-588},
  Title = {Global renormalization group flow and thermodynamic limit for the hierarchical fermionic model},
  Volume = {107},
  Year = {1996}}

@article{missarov99,
  Author = {Missarov, M. D.},
  Journal = {Theor. Math. Phys.},
  Pages = {32-40},
  Title = {Continuum limit in the fermionic hierarchical model},
  Volume = {118},
  Year = {1999}}

@article{kupiainen80,
  Author = {Gawedzki, K. and Kupiainen, A.},
  Journal = {Commun. Math. Phys.},
  Pages = {31},
  Title = {A RIGOROUS BLOCK SPIN APPROACH TO MASSLESS LATTICE THEORIES},
  Volume = {77},
  Year = {1980}}

@article{collet77,
  Author = {Collet, P. and Eckmann, J. P.},
  Journal = {Commun. Math. Phys.},
  Pages = {67-96},
  Title = {THE EPSILON EXPANSION FOR THE HIERARCHICAL MODEL},
  Volume = {55},
  Year = {1977}}

@article{kupianen86,
  Author = {Gawedzki, K. and Kupiainen, A.},
  Journal = {Commun. Math. Phys.},
  Pages = {533-550},
  Title = {CONTINUUM LIMIT OF THE HIERARCHICAL O(N) NONLINEAR SIGMA MODEL},
  Volume = {106},
  Year = {1986}}

@article{lucio90,
  Author = {Lucio, J. L. and Meurice, Y.},
  Journal = {Mod. Phys. Lett.},
  Pages = {1199-1202},
  Title = {Asymptotic properties of random walks on p-adic spaces},
  Volume = {A6},
  Year = {1991}}

@article{freund,
  Author = {Brekke, L. and Freund, P. G. O.},
  Journal = {Phys. Rept.},
  Pages = {1-66},
  Title = {p-adic numbers in physics},
  Volume = {233},
  Year = {1993}}

@article{missarov88,
  Author = {Missarov, M. D.},
  Note = {CPT-88/P-2151},
  Title = {BROWNIAN MOTION WITH P-ADIC PARAMETER},
  Year = {1988}}

@article{kw86,
  Author = {Koch, H. and Wittwer, P.},
  Journal = {Commun. Math. Phys.},
  Pages = {495-532},
  Title = {A NONGAUSSIAN RENORMALIZATION GROUP FIXED POINT FOR HIERARCHICAL SCALAR LATTICE FIELD THEORIES},
  Volume = {106},
  Year = {1986}}

@article{spencer82,
  Author = {Frohlich, Jurg and Spencer, Thomas},
  Journal = {Commun. Math. Phys},
  Pages = {87-101},
  Title = {The phase transition in th one-dimensional Ising model with 1/r^2 interaction energy},
  Volume = {84},
  Year = {1981}}

@article{simon81,
  Author = {Simon, B. and Sokal, A.},
  Journal = {J. Stat. Phys.},
  Pages = {679},
  Title = {Rigorous Energy-Entropy Arguments},
  Volume = {25},
  Year = {1981}}

@misc{cberge,
  Author = {Bervillier, Claude},
  Note = {Talk given at the 3rd International Conference on ERG, http://www.cc.uoa.gr/~papost/Bervillier.pdf},
  Title = {Status of the derivative expansion in the exact renormalization group equation},
  Year = {2006}}

@misc{dlerge,
  Author = {Litim, Daniel},
  Note = {Talk given at the 3rd International Conference on ERG, http://www.cc.uoa.gr/~papost/LITIM.pdf},
  Title = {Functional flows for QCD},
  Year = {2006}}

@misc{ymerge,
  Author = {Meurice, Yannick},
  Note = {Talk given at the 3rd International Conference on ERG, http://www.cc.uoa.gr/~papost/Meurice.pdf},
  Title = {RG analysis of the interpolation between the weak and strong coupling},
  Year = {2006}}

@article{griffiths67,
  Author = {Griffiths, R.},
  Journal = {J. Math. Phys.},
  Pages = {478},
  Title = {Correlations in Ising Ferromagnets I},
  Volume = {8},
  Year = {1967}}

@article{kadanoff66,
  Author = {Kadanoff, Leo},
  Journal = {Physics},
  Pages = {263},
  Volume = {2},
  Year = {1966}}

@article{kaufman81,
  Author = {Kaufman, Miron and Griffiths, Robert B.},
  Doi = {10.1103/PhysRevB.24.496},
  Journal = {Phys. Rev. B},
  Month = {Jul},
  Number = {1},
  Numpages = {2},
  Pages = {496--498},
  Publisher = {American Physical Society},
  Title = {Exactly soluble Ising models on hierarchical lattices},
  Volume = {24},
  Year = {1981},
  Bdsk-Url-1 = {http://dx.doi.org/10.1103/PhysRevB.24.496}}

@article{tomboulis06,
  Author = {Tomboulis, E. T. and Velytsky, Alexander},
  Eprint = {hep-lat/0609047},
  Title = {RG decimation study of SU(2) gauge theory},
  Year = {2006}}

@article{tomboulis05,
  Author = {Tomboulis, E. T.},
  Eprint = {hep-lat/0509116},
  Journal = {PoS},
  Pages = {311},
  Title = {RG decimation-based approach to confinement and computation on coarser lattices},
  Volume = {LAT2005},
  Year = {2006}}

@article{bell75,
  Author = {Bell, Thomas L. and Wilson, Kenneth G.},
  Doi = {10.1103/PhysRevB.11.3431},
  Journal = {Phys. Rev. B},
  Month = {May},
  Number = {9},
  Numpages = {13},
  Pages = {3431--3444},
  Publisher = {American Physical Society},
  Title = {Finite-lattice approximations to renormalization groups},
  Volume = {11},
  Year = {1975},
  Bdsk-Url-1 = {http://dx.doi.org/10.1103/PhysRevB.11.3431}}

@article{wilson71bone,
  Author = {Wilson, Kenneth G.},
  Journal = {Phys. Rev. B},
  Pages = {3174-3183},
  Title = {Renormalization group and critical phenomena. 1. Renormalization group and the Kadanoff scaling picture},
  Volume = {4},
  Year = {1971}}

@article{grunberg97,
  Author = {Grunberg, Georges},
  Eprint = {hep-ph/9705290},
  Title = {Power corrections and Landau singularity},
  Year = {1997}}

@article{digiacomo81,
  Author = {Di Giacomo, A. and Rossi, G. C.},
  Journal = {Phys. Lett.},
  Pages = {481},
  Title = {EXTRACTING the vacuum expectation value of the quantity alpha / pi G G FROM GAUGE THEORIES ON A LATTICE},
  Volume = {B100},
  Year = {1981}}

@article{shuryak98,
  Author = {Schafer, Thomas and Shuryak, Edward V.},
  Eprint = {hep-ph/9610451},
  Journal = {Rev. Mod. Phys.},
  Pages = {323-426},
  Title = {Instantons in QCD},
  Volume = {70},
  Year = {1998}}

@article{dashen80,
  Author = {Dashen, Roger F. and Gross, David J.},
  Journal = {Phys. Rev. D},
  Pages = {2340},
  Title = {THE RELATIONSHIP BETWEEN LATTICE AND CONTINUUM DEFINITIONS OF THE GAUGE THEORY COUPLING},
  Volume = {23},
  Year = {1981}}

@article{susskind78,
  Author = {Susskind, Leonard},
  Journal = {Phys. Rev.},
  Pages = {2619-2625},
  Title = {DYNAMICS OF SPONTANEOUS SYMMETRY BREAKING IN THE WEINBERG- SALAM THEORY},
  Volume = {D20},
  Year = {1979}}

@article{wess74,
  Author = {Wess, J. and Zumino, B.},
  Journal = {Nucl. Phys.},
  Pages = {39-50},
  Title = {SUPERGAUGE TRANSFORMATIONS IN FOUR-DIMENSIONS},
  Volume = {B70},
  Year = {1974}}

@article{allton96,
  Author = {Allton, C. R.},
  Eprint = {hep-lat/9610016},
  Title = {Lattice Monte Carlo data versus perturbation theory},
  Year = {1996}}

@article{trottier01,
  Author = {Trottier, H. D. and Shakespeare, N. H. and Lepage, G. P. and Mackenzie, P. B.},
  Eprint = {hep-lat/0111028},
  Journal = {Phys. Rev.},
  Pages = {094502},
  Title = {Perturbative expansions from Monte Carlo simulations at weak coupling: Wilson loops and the static-quark self- energy},
  Volume = {65},
  Year = {2002}}

@article{guagnelli98,
  Author = {Guagnelli, Marco and Sommer, Rainer and Wittig, Hartmut},
  Collaboration = {ALPHA},
  Eprint = {hep-lat/9806005},
  Journal = {Nucl. Phys.},
  Pages = {389-402},
  Title = {Precision computation of a low-energy reference scale in quenched lattice QCD},
  Volume = {B535},
  Year = {1998}}

@article{necco01,
  Author = {Necco, Silvia and Sommer, Rainer},
  Eprint = {hep-lat/0108008},
  Journal = {Nucl. Phys.},
  Pages = {328-346},
  Title = {The N(f) = 0 heavy quark potential from short to intermediate distances},
  Volume = {B622},
  Year = {2002}}

@article{novikov84,
  Author = {Novikov, V. A. and Shifman, Mikhail A. and Vainshtein, A. I. and Zakharov, Valentin I.},
  Journal = {Nucl. Phys.},
  Pages = {445-471},
  Title = {WILSON'S OPERATOR EXPANSION: CAN IT FAIL?},
  Volume = {B249},
  Year = {1985}}

@article{dublin,
  Author = {Li, L. and Meurice, Y.},
  Eprint = {hep-lat/0509096},
  Journal = {PoS},
  Pages = {258},
  Title = {Is there a third-order phase transition in quenched QCD?},
  Volume = {LAT2005},
  Year = {2006}}

@article{rakow05,
  Author = {Rakow, Paul E. L.},
  Eprint = {hep-lat/0510046},
  Journal = {PoS},
  Pages = {284},
  Title = {Stochastic perturbation theory and the gluon condensate},
  Volume = {LAT2005},
  Year = {2006}}

@article{on06,
  Author = {Godina, J. J. and Li, L. and Meurice, Y. and Oktay, M. B.},
  Eprint = {hep-th/0511194},
  Journal = {Phys. Rev. D},
  Pages = {047701},
  Title = {High-accuracy critical exponents of O(N) hierarchical sigma models},
  Volume = {73},
  Year = {2006}}

@article{third,
  Author = {Li, L. and Meurice, Y.},
  Eprint = {hep-lat/0507034},
  Journal = {Phys. Rev. D},
  Pages = {036006},
  Title = {About a possible 3rd order phase transition at T = 0 in 4D gluodynamics},
  Volume = {73},
  Year = {2006}}

@article{asymptuniv,
  Author = {Li, L. and Meurice, Y.},
  Eprint = {hep-th/0507196},
  Journal = {J. Phys.},
  Pages = {8681-8698},
  Title = {Asymptotically universal crossover in perturbation theory with a field cutoff},
  Volume = {A39},
  Year = {2006}}

@misc{paulrakow,
  Author = {Rakow, Paul},
  Note = {Private communication}}

@article{guagnelli02,
  Author = {Guagnelli, Marco and Petronzio, Roberto and Tantalo, Nazario},
  Eprint = {hep-lat/0209112},
  Journal = {Phys. Lett.},
  Pages = {58-62},
  Title = {The lattice scale at large beta in quenched QCD},
  Volume = {B548},
  Year = {2002}}

@misc{zvibern,
  Author = {Bern, Zvi},
  Note = {these proceedings},
  Title = {A tour of the S-matrix: QCD, Super-Yang-Mills and Supergravity}}

@book{itep,
  Address = {River Edge, USA},
  Author = {Shifman, M.},
  Editor = {World Scientific},
  Title = {ITEP Lectures on Particle Physics and Field Theory},
  Year = {2001}}

@article{mueller93,
  Author = {Mueller, Alfred H.},
  Note = {Talk given at Workshop on QCD: 20 Years Later, Aachen, Germany, 9-13 Jun 1992},
  Title = {The QCD perturbation series}}

@article{dipierro05,
  Author = {Di Pierro, Massimo},
  Eprint = {hep-lat/0505005},
  Title = {Parallel programming with matrix distributed processing},
  Year = {2005}}

@article{alles98,
  Author = {Alles, B. and Feo, A. and Panagopoulos, H.},
  Eprint = {hep-lat/9801003},
  Journal = {Phys. Lett.},
  Pages = {361-366},
  Title = {Asymptotic scaling corrections in QCD with Wilson fermions from the 3-loop average plaquette},
  Volume = {B426},
  Year = {1998}}

@article{bender73,
  Author = {Bender, C. M. and Wu, T. T.},
  Date-Modified = {2009-07-17 10:52:48 -0500},
  Journal = {Phys. Rev. D},
  Pages = {1620-1636},
  Title = {Anharmonic oscillator. ii. a study of perturbation theory in large order},
  Volume = {7},
  Year = {1973}}

@article{janke01,
  Author = {Janke, Wolfhard and Kenna, Ralph},
  Eprint = {hep-lat/0112032},
  Journal = {Nucl. Phys. Proc. Suppl.},
  Pages = {905-907},
  Title = {Phase transition strengths from the density of partition function zeroes},
  Volume = {106},
  Year = {2002}}

@article{janke05,
  Author = {Janke, W. and Johnston, D. A. and Kenna, R.},
  Eprint = {cond-mat/0512352},
  Journal = {Nucl. Phys. B},
  Pages = {xxxx},
  Title = {Properties of higher order phase transitions},
  Volume = {(in press)},
  Year = {2006}}

@article{friedlander,
  Author = {Friedlander, Leonid},
  Journal = {J. Math. Phys.},
  Pages = {961},
  Volume = {26},
  Year = {1985}}

@article{orland05,
  Author = {Orland, Peter and Xiao, Jing},
  Eprint = {cond-mat/0503728},
  Journal = {Phys. Rev. B},
  Pages = {052503},
  Title = {Asymptotic freedom of elastic strings and barriers},
  Volume = {72},
  Year = {2005}}

@article{altschul05,
  Author = {Altschul, B.},
  Eprint = {quant-ph/0507252},
  Title = {Nonunitary quantum theory with a field cutoff},
  Year = {2005}}

@article{bitar82,
  Author = {Bitar, Khalil M. and Gottlieb, Steven A. and Zachos, Cosmas K.},
  Journal = {Phys. Rev.},
  Pages = {2853},
  Title = {PHASE STRUCTURE AND RENORMALIZATION TRAJECTORIES OF LATTICE SU(2) GAUGE THEORY},
  Volume = {D26},
  Year = {1982}}

@article{berg82,
  Author = {Berg, B. and Billoire, A.},
  Journal = {Nucl. Phys.},
  Pages = {109},
  Title = {GLUEBALL SPECTROSCOPY IN four-dimensional SU(3) LATTICE GAUGE THEORY. 1},
  Volume = {B221},
  Year = {1983}}

@article{bali93,
  Author = {Bali, G. S. and others},
  Collaboration = {UKQCD},
  Eprint = {hep-lat/9304012},
  Journal = {Phys. Lett.},
  Pages = {378-384},
  Title = {A Comprehensive lattice study of SU(3) glueballs},
  Volume = {B309},
  Year = {1993}}

@article{michael88,
  Author = {Michael, C. and Teper, M.},
  Journal = {Nucl. Phys.},
  Pages = {347},
  Title = {THE GLUEBALL SPECTRUM IN SU(3)},
  Volume = {B314},
  Year = {1989}}

@article{morris05,
  Author = {Morris, Tim R.},
  Eprint = {hep-th/0503161},
  Journal = {JHEP},
  Pages = {027},
  Title = {Equivalence of local potential approximations},
  Volume = {07},
  Year = {2005}}

@article{campostrini95,
  Author = {Campostrini, Massimo and Pelissetto, Andrea and Rossi, Paolo and Vicari, Ettore},
  Eprint = {hep-lat/9506002},
  Journal = {Nucl. Phys.},
  Pages = {207-242},
  Title = {Four point renormalized coupling constant in O(N) models},
  Volume = {B459},
  Year = {1996}}
