@article{prd89,
      author         = "Denbleyker, Alan and Liu, Yuzhi and Meurice, Y. and Qin,
                        M. P. and Xiang, T. and Xie, Z. Y. and Yu, J. F. and Zou,
                        Haiyuan",
      title          = "{Controlling sign problems in spin models using tensor
                        renormalization}",
      journal        = "Phys. Rev.",
      volume         = "D89",
      year           = "2014",
      number         = "1",
      pages          = "016008",
      doi            = "10.1103/PhysRevD.89.016008",
      eprint         = "1309.6623",
      archivePrefix  = "arXiv",
      primaryClass   = "hep-lat",
      reportNumber   = "FERMILAB-PUB-13-394-T",
}
@article{pre89,
      author         = "Yu, J. F. and Xie, Z. Y. and Meurice, Y. and Liu, Yuzhi
                        and Denbleyker, A. and Zou, Haiyuan and Qin, M. P. and
                        Chen, J.",
      title          = "{Tensor renormalization group study of classical XY model
                        on the square lattice}",
      journal        = "Phys. Rev.",
      volume         = "E89",
      year           = "2014",
      number         = "1",
      pages          = "013308",
      doi            = "10.1103/PhysRevE.89.013308",
      eprint         = "1309.4963",
      archivePrefix  = "arXiv",
      primaryClass   = "cond-mat.stat-mech",
      reportNumber   = "FERMILAB-PUB-13-375-T",
}
@article{prd88,
      author         = "Liu, Yuzhi and Meurice, Y. and Qin, M. P. and
                        Unmuth-Yockey, J. and Xiang, T. and Xie, Z. Y. and Yu, J.
                        F. and Zou, Haiyuan",
      title          = "{blocking formulas for spin and gauge models}",
      journal        = "Phys. Rev.",
      volume         = "D88",
      year           = "2013",
      pages          = "056005",
      doi            = "10.1103/PhysRevD.88.056005",
      eprint         = "1307.6543",
      archivePrefix  = "arXiv",
      primaryClass   = "hep-lat",
      reportNumber   = "FERMILAB-PUB-13-280-T, FERMILAB-PUB-13-280-T",
}
@article{Liu:2012dz,
      author         = "Liu, Yuzhi and Meurice, Yannick and Tsai, Shan-Wen",
      title          = "{Local gauge symmetry on optical lattices?}",
      booktitle      = "{Proceedings, 30th International Symposium on Lattice
                        Field Theory (Lattice 2012)}",
      journal        = "PoS",
      volume         = "LATTICE2012",
      year           = "2012",
      pages          = "246",
      eprint         = "1211.4126",
      archivePrefix  = "arXiv",
      primaryClass   = "hep-lat",
      reportNumber   = "FERMILAB-CONF-12-853-T",
}
@article{prb87,
      author         = "Meurice, Y.",
      title          = "{Accurate exponents from approximate tensor
                        renormalizations}",
      journal        = "Phys. Rev.",
      volume         = "B87",
      year           = "2013",
      number         = "6",
      pages          = "064422",
      doi            = "10.1103/PhysRevB.87.064422",
      eprint         = "1211.3675",
      archivePrefix  = "arXiv",
      primaryClass   = "hep-lat",
}
@article{Zhou:2012sna,
      author         = "Zhou, Ran and Gottlieb, Steven and Bailey, Jon A. and Du,
                        Daping and El-Khadra, Aida X. and Jain, R. D. and
                        Kronfeld, Andreas S. and Van de Water, Ruth S. and Liu,
                        Yuzhi and Meurice, Yannick",
      title          = "{Form factors for semi-leptonic B decays}",
      booktitle      = "{Proceedings, 30th International Symposium on Lattice
                        Field Theory (Lattice 2012)}",
      collaboration  = "Fermilab Lattice, MILC",
      journal        = "PoS",
      volume         = "LATTICE2012",
      year           = "2012",
      pages          = "120",
      eprint         = "1211.1390",
      archivePrefix  = "arXiv",
      primaryClass   = "hep-lat",
      reportNumber   = "FERMILAB-CONF-12-603-T",
}
@article{Meurice:2012sj,
      author         = "Meurice, Yannick and Bazavov, Alexei and Berg, Bernd A.
                        and Du, Daping and Denbleyker, Alan and Liu, Yuzhi and
                        Sinclair, Donald K. and Unmuth-Yockey, Judah and Zou,
                        Haiyuan",
      title          = "{Fisher zeros and conformality in lattice models}",
      booktitle      = "{Proceedings, 30th International Symposium on Lattice
                        Field Theory (Lattice 2012)}",
      journal        = "PoS",
      volume         = "LATTICE2012",
      year           = "2012",
      pages          = "229",
      eprint         = "1210.6969",
      archivePrefix  = "arXiv",
      primaryClass   = "hep-lat",
      reportNumber   = "FERMILAB-CONF-12-858-PPD",
}
@article{Bailey:2012jg,
      author         = "Bailey, Jon A. and others",
      title          = "{Refining new-physics searches in $B -> D \tau \nu$ decay
                        with lattice QCD}",
      journal        = "Phys. Rev. Lett.",
      volume         = "109",
      year           = "2012",
      pages          = "071802",
      doi            = "10.1103/PhysRevLett.109.071802",
      eprint         = "1206.4992",
      archivePrefix  = "arXiv",
      primaryClass   = "hep-ph",
      reportNumber   = "FERMILAB-PUB-12-333-T",
}


@unpublished{atlas2,
      author         = "Aad, Georges and others",
      title          = "{Search for high-mass diboson resonances with
                        boson-tagged jets in proton-proton collisions at
                        $\sqrt{s}$ = 8 TeV with the ATLAS detector}",
      collaboration  = "ATLAS",
      year           = "2015",
      note      = "ArXiv 1506.00962",
      archivePrefix  = "arXiv",
      primaryClass   = "hep-ex",
      reportNumber   = "CERN-PH-EP-2015-115",
}


@unpublished{atlas1,
      author         = "Aad, Georges and others",
      title          = "{Measurements of the Higgs boson production and decay
                        rates and coupling strengths using $pp$ collision data at
                        $\sqrt{s}=7$ and $8$ TeV in the ATLAS experiment}",
      collaboration  = "ATLAS",
      year           = "2015",
      note         = "arXiv 1507.04548",
      archivePrefix  = "arXiv",
      primaryClass   = "hep-ex",
      reportNumber   = "CERN-PH-EP-2015-125",
}


@article{PhysRevB.69.014509,
  title = {Aspect-ratio dependence of the spin stiffness of a two-dimensional $\mathrm{XY}$ model},
  author = {Melko, R. G. and Sandvik, A. W. and Scalapino, D. J.},
  journal = {Phys. Rev. B},
  volume = {69},
  issue = {1},
  pages = {014509},
  numpages = {6},
  year = {2004},
  month = {Jan},
  publisher = {American Physical Society},
  doi = {10.1103/PhysRevB.69.014509},
  url = {http://link.aps.org/doi/10.1103/PhysRevB.69.014509}
}


@article{Akerlund:2014bna,
      author         = "Akerlund, Oscar and de Forcrand, Philippe",
      title          = "{Deformations of infrared-conformal theories in two
                        dimensions}",
      booktitle      = "{Proceedings, 32nd International Symposium on Lattice
                        Field Theory (Lattice 2014)}",
      journal        = "PoS",
      volume         = "LATTICE2014",
      year           = "2014",
      pages          = "243",
      eprint         = "1410.1178",
      archivePrefix  = "arXiv",
      primaryClass   = "hep-lat",
      reportNumber   = "CERN-PH-TH-2014-185",
}


@article{Cardy:2014jwa,
      author         = "Cardy, John and Herzog, Christopher P.",
      title          = "{Universal Thermal Corrections to Single Interval
                        Entanglement Entropy for Two Dimensional Conformal Field
                        Theories}",
      journal        = "Phys.Rev.Lett.",
      number         = "17",
      volume         = "112",
      pages          = "171603",
      doi            = "10.1103/PhysRevLett.112.171603",
      year           = "2014",
      eprint         = "1403.0578",
      archivePrefix  = "arXiv",
      primaryClass   = "hep-th",
}

@article{mazza15,
  author={Leonardo Mazza and Davide Rossini and Rosario Fazio and Manuel Endres},
  title={Detecting two-site spin-entanglement in many-body systems with local particle-number fluctuations},
  journal={New Journal of Physics},
  volume={17},
  number={1},
  pages={013015},
  url={http://stacks.iop.org/1367-2630/17/i=1/a=013015},
  year={2015},
  abstract={We derive experimentally measurable lower bounds for the two-site entanglement of the spin-degrees of freedom of many-body systems with local particle-number fluctuations. Our method aims at enabling the spatially resolved detection of spin-entanglement in Hubbard systems using high-resolution imaging in optical lattices. A possible application is the observation of entanglement generation and spreading during spin impurity dynamics, for which we provide numerical simulations. More generally, the scheme can simplify the entanglement detection in ion chains, Rydberg atoms, or similar atomic systems.}
}
	
@ARTICLE{fukuhara,
   author = {{Fukuhara}, T. and {Hild}, S. and {Zeiher}, J. and {Schau{\ss}}, P. and 
	{Bloch}, I. and {Endres}, M. and {Gross}, C.},
    title = "{Spatially Resolved Detection of a Spin-Entanglement Wave in a Bose-Hubbard Chain}",
  journal = {ArXiv e-prints},
archivePrefix = "arXiv",
   eprint = {1504.02582},
 primaryClass = "cond-mat.quant-gas",
 keywords = {Condensed Matter - Quantum Gases, Quantum Physics},
     year = 2015,
    month = apr,
   adsurl = {http://adsabs.harvard.edu/abs/2015arXiv150402582F},
  adsnote = {Provided by the SAO/NASA Astrophysics Data System}
}




@article{RevModPhys.82.277,
  title = {\textit{Colloquium}  : Area laws for the entanglement entropy},
  author = {Eisert, J. and Cramer, M. and Plenio, M. B.},
  journal = {Rev. Mod. Phys.},
  volume = {82},
  issue = {1},
  pages = {277--306},
  numpages = {0},
  year = {2010},
  month = {Feb},
  publisher = {American Physical Society},
  doi = {10.1103/RevModPhys.82.277},
  url = {http://link.aps.org/doi/10.1103/RevModPhys.82.277}
}


@article{Hands:2010vw,
      author         = "Hands, Simon and Hollowood, Timothy J. and Myers, Joyce
                        C.",
      title          = "{Numerical Study of the Two Color Attoworld}",
      journal        = "JHEP",
      volume         = "1012",
      pages          = "057",
      doi            = "10.1007/JHEP12(2010)057",
      year           = "2010",
      eprint         = "1010.0790",
      archivePrefix  = "arXiv",
      primaryClass   = "hep-lat",
}

@article{Meurice:2014tca,
      author         = "Meurice, Yannick and Liu, Yuzhi and Unmuth-Yockey, Judah
                        and Yang, Li-Ping and Zou, Haiyuan",
      title          = "{Sampling versus Blocking}",
      journal        = "PoS",
      volume         = "LATTICE2014",
      pages          = "319",
      year           = "2014",
      eprint         = "1411.3392",
      archivePrefix  = "arXiv",
      primaryClass   = "hep-lat",
}

@article{PhysRevB.36.8343,
  title = {Path-integral computation of superfluid densities},
  author = {Pollock, E. L. and Ceperley, D. M.},
  journal = {Phys. Rev. B},
  volume = {36},
  issue = {16},
  pages = {8343--8352},
  numpages = {0},
  year = {1987},
  month = {Dec},
  publisher = {American Physical Society},
  doi = {10.1103/PhysRevB.36.8343},
  url = {http://link.aps.org/doi/10.1103/PhysRevB.36.8343}
}



@ARTICLE{2015arXiv150201722K,
   author = {{Kulchytskyy}, B. and {Herdman}, C.~M. and {Inglis}, S. and 
	{Melko}, R.~G.},
    title = "{Detecting Goldstone Modes with Entanglement Entropy}",
  journal = {ArXiv e-prints},
archivePrefix = "arXiv",
   eprint = {1502.01722},
 primaryClass = "cond-mat.str-el",
 keywords = {Condensed Matter - Strongly Correlated Electrons, High Energy Physics - Theory, Quantum Physics},
     year = 2015,
    month = feb,
   adsurl = {http://adsabs.harvard.edu/abs/2015arXiv150201722K},
  adsnote = {Provided by the SAO/NASA Astrophysics Data System}
}


@article{PhysRevB.88.064512,
  title = {Local superfluidity at the nanoscale},
  author = {Kulchytskyy, B. and Gervais, G. and Del Maestro, A.},
  journal = {Phys. Rev. B},
  volume = {88},
  issue = {6},
  pages = {064512},
  numpages = {6},
  year = {2013},
  month = {Aug},
  publisher = {American Physical Society},
  doi = {10.1103/PhysRevB.88.064512},
  url = {http://link.aps.org/doi/10.1103/PhysRevB.88.064512}
}


@article{PhysRevLett.109.020505,
  title = {Measuring Entanglement Growth in Quench Dynamics of Bosons in an Optical Lattice},
  author = {Daley, A. J. and Pichler, H. and Schachenmayer, J. and Zoller, P.},
  journal = {Phys. Rev. Lett.},
  volume = {109},
  issue = {2},
  pages = {020505},
  numpages = {5},
  year = {2012},
  month = {Jul},
  publisher = {American Physical Society},
  doi = {10.1103/PhysRevLett.109.020505},
  url = {http://link.aps.org/doi/10.1103/PhysRevLett.109.020505}
}


@ARTICLE{2015arXiv150400164B,
   author = {{Barbarino}, S. and {Taddia}, L. and {Rossini}, D. and {Mazza}, L. and 
	{Fazio}, R.},
    title = "{Magnetic crystals and helical liquids in alkaline-earth fermionic gases}",
  journal = {ArXiv e-prints},
archivePrefix = "arXiv",
   eprint = {1504.00164},
 primaryClass = "cond-mat.quant-gas",
 keywords = {Condensed Matter - Quantum Gases},
     year = 2015,
    month = apr,
   adsurl = {http://adsabs.harvard.edu/abs/2015arXiv150400164B},
  adsnote = {Provided by the SAO/NASA Astrophysics Data System}
}


@ARTICLE{mazzaEE,
   author = {{Mazza}, L. and {Rossini}, D. and {Fazio}, R. and {Endres}, M.
	},
    title = "{Detecting two-site spin-entanglement in many-body systems with local particle-number fluctuations}",
  journal = {New Journal of Physics},
archivePrefix = "arXiv",
   eprint = {1408.4672},
 primaryClass = "cond-mat.quant-gas",
     year = 2015,
    month = jan,
   volume = 17,
   number = 1,
      eid = {013015},
    pages = {013015},
      doi = {10.1088/1367-2630/17/1/013015},
   adsurl = {http://adsabs.harvard.edu/abs/2015NJPh...17a3015M},
  adsnote = {Provided by the SAO/NASA Astrophysics Data System}
}


@ARTICLE{zollerTE,
   author = {{Pichler}, H. and {Bonnes}, L. and {Daley}, A.~J. and {L{\"a}uchli}, A.~M. and 
	{Zoller}, P.},
    title = "{Thermal versus entanglement entropy: a measurement protocol for fermionic atoms with a quantum gas microscope}",
  journal = {New Journal of Physics},
archivePrefix = "arXiv",
   eprint = {1302.1187},
 primaryClass = "cond-mat.quant-gas",
     year = 2013,
    month = jun,
   volume = 15,
   number = 6,
      eid = {063003},
    pages = {063003},
      doi = {10.1088/1367-2630/15/6/063003},
   adsurl = {http://adsabs.harvard.edu/abs/2013NJPh...15f3003P},
  adsnote = {Provided by the SAO/NASA Astrophysics Data System}
}

@ARTICLE{zollerEE,
   author = {{Jurcevic}, P. and {Lanyon}, B.~P. and {Hauke}, P. and {Hempel}, C. and 
	{Zoller}, P. and {Blatt}, R. and {Roos}, C.~F.},
    title = "{Quasiparticle engineering and entanglement propagation in a quantum many-body system}",
  journal = {\nat},
archivePrefix = "arXiv",
   eprint = {1401.5387},
 primaryClass = "quant-ph",
     year = 2014,
    month = jul,
   volume = 511,
    pages = {202-205},
      doi = {10.1038/nature13461},
   adsurl = {http://adsabs.harvard.edu/abs/2014Natur.511..202J},
  adsnote = {Provided by the SAO/NASA Astrophysics Data System}
}


@article{PhysRevB.87.195134,
  title = {Detecting classical phase transitions with Renyi mutual information},
  author = {Iaconis, Jason and Inglis, Stephen and Kallin, Ann B. and Melko, Roger G.},
  journal = {Phys. Rev. B},
  volume = {87},
  issue = {19},
  pages = {195134},
  numpages = {5},
  year = {2013},
  month = {May},
  publisher = {American Physical Society},
  doi = {10.1103/PhysRevB.87.195134},
  url = {http://link.aps.org/doi/10.1103/PhysRevB.87.195134}
}


@article{Calabrese:2004eu,
      author         = "Calabrese, Pasquale and Cardy, John L.",
      title          = "{Entanglement entropy and quantum field theory}",
      journal        = "J.Stat.Mech.",
      volume         = "0406",
      pages          = "P06002",
      doi            = "10.1088/1742-5468/2004/06/P06002",
      year           = "2004",
      eprint         = "hep-th/0405152",
      archivePrefix  = "arXiv",
      primaryClass   = "hep-th",
}

@article{Calabrese:2005zw,
      author         = "Calabrese, Pasquale and Cardy, John L.",
      title          = "{Entanglement entropy and quantum field theory: A
                        Non-technical introduction}",
      journal        = "Int.J.Quant.Inf.",
      volume         = "4",
      pages          = "429",
      doi            = "10.1142/S021974990600192X",
      year           = "2006",
      eprint         = "quant-ph/0505193",
      archivePrefix  = "arXiv",
      primaryClass   = "quant-ph",
}


@ARTICLE{berezinski,
   author = {{Berezinski{\v i}}, V.~L.},
    title = "{Destruction of Long-range Order in One-dimensional and Two-dimensional Systems Possessing a Continuous Symmetry Group. II. Quantum Systems}",
  journal = {Soviet Journal of Experimental and Theoretical Physics},
     year = 1972,
   volume = 34,
    pages = {610},
   adsurl = {http://adsabs.harvard.edu/abs/1972JETP...34..610B},
  adsnote = {Provided by the SAO/NASA Astrophysics Data System}
}


@misc{nateprogress, 
author={Zhao, Jianshi and Jacome, Louis Rene and Gemelke, Nathan},
title="{Localization and Fractionalization in a Chain of Rotating Atomic Gases}",
note={preprint in progress}}

@article{Hands:2010zp,
      author         = "Hands, Simon and Hollowood, Timothy J. and Myers, Joyce
                        C.",
      title          = "{QCD with Chemical Potential in a Small Hyperspherical
                        Box}",
      journal        = "JHEP",
      volume         = "1007",
      pages          = "086",
      doi            = "10.1007/JHEP07(2010)086",
      year           = "2010",
      eprint         = "1003.5813",
      archivePrefix  = "arXiv",
      primaryClass   = "hep-th",
}

@article{Hands:2010sy,
      author         = "Hands, Simon and Hollowood, Timothy J. and Myers, Joyce
                        C.",
      title          = "{QCD with chemical potential on S^1 x S^3}",
      journal        = "PoS",
      volume         = "LATTICE2010",
      pages          = "204",
      year           = "2010",
      eprint         = "1012.0192",
      archivePrefix  = "arXiv",
      primaryClass   = "hep-lat",
}



@article{Bazavov:2015kka,
      author         = "Bazavov, Alexei and Meurice, Yannick and Tsai, Shan-Wen
                        and Unmuth-Yockey, Judah and Zhang, Jin",
      title          = "{Gauge-invariant implementation of the Abelian Higgs
                        model on optical lattices}",
      year           = "2015",
      eprint         = "1503.08354",
      archivePrefix  = "arXiv",
      primaryClass   = "hep-lat",
      reportNumber   = "INT-PUB-15-008",
}


@article{PhysRevB.61.11289,
  title = {Quantum effects on the BKT phase transition of two-dimensional Josephson arrays},
  author = {Cuccoli, Alessandro and Fubini, Andrea and Tognetti, Valerio and Vaia, Ruggero},
  journal = {Phys. Rev. B},
  volume = {61},
  issue = {17},
  pages = {11289--11292},
  numpages = {0},
  year = {2000},
  month = {May},
  publisher = {American Physical Society},
  doi = {10.1103/PhysRevB.61.11289},
  url = {http://link.aps.org/doi/10.1103/PhysRevB.61.11289}
}


@ARTICLE{1973kt,
   author = {{Kosterlitz}, J.~M. and {Thouless}, D.~J.},
    title = "{Ordering, metastability and phase transitions in two-dimensional systems}",
  journal = {Journal of Physics C Solid State Physics},
     year = 1973,
    month = apr,
   volume = 6,
    pages = {1181-1203},
      doi = {10.1088/0022-3719/6/7/010},
   adsurl = {http://adsabs.harvard.edu/abs/1973JPhC....6.1181K},
  adsnote = {Provided by the SAO/NASA Astrophysics Data System}
}



@book{kadanoff2000statistical,
  title={Statistical Physics: Statics, Dynamics and Renormalization},
  author={Kadanoff, L.P.},
  isbn={9789810237646},
  lccn={98043592},
  series={Statistical Physics: Statics, Dynamics and Renormalization},
  url={https://books.google.com/books?id=22dadF5p6gYC},
  year={2000},
  publisher={World Scientific}
}


@book{fradkin2013field,
  title={Field Theories of Condensed Matter Physics},
  author={Fradkin, E.},
  isbn={9780521764445},
  lccn={2012039026},
  series={Field Theories of Condensed Matter Physics},
  url={https://books.google.com/books?id=x7\_6MX4ye\_wC},
  year={2013},
  publisher={Cambridge University Press}
}


@book{1987gauge,
  title={Gauge Fields and Strings},
  author={A. M. Polyakov}, 
  isbn={9783718603930},
  lccn={lc87000151},
  series={Contemporary concepts in physics},
  url={https://books.google.com/books?id=uaI8xcjJ8LMC},
  year={1987},
  publisher={Taylor \& Francis}
}



@book{chaikin2000principles,
  title={Principles of Condensed Matter Physics},
  author={Chaikin, P.M. and Lubensky, T.C.},
  isbn={9780521794503},
  lccn={93044244},
  url={https://books.google.com/books?id=P9YjNjzr9OIC},
  year={2000},
  publisher={Cambridge University Press}
}


@book{herbut2007modern,
  title={A Modern Approach to Critical Phenomena},
  author={Herbut, I.},
  isbn={9781139460125},
  url={https://books.google.de/books?id=dMB77XIb8fYC},
  year={2007},
  publisher={Cambridge University Press}
}


@book{sachdev2011quantum,
  title={Quantum Phase Transitions},
  author={Sachdev, S.},
  isbn={9781139500210},
  series={Troisi{\`e}me Cycle de la Physique},
  url={https://books.google.com/books?id=F3IkpxwpqSgC},
  year={2011},
  publisher={Cambridge University Press}
}






@article{PhysRevLett.95.071802,
  title = {Precision Model Independent Determination of $|{V}_{\mathrm{ub}}|$ from $B\ensuremath{\rightarrow}\ensuremath{\pi}l\ensuremath{\nu}$},
  author = {Arnesen, Christian M. and Grinstein, Benjamin and Rothstein, Ira Z. and Stewart, Iain W.},
  journal = {Phys. Rev. Lett.},
  volume = {95},
  issue = {7},
  pages = {071802},
  numpages = {4},
  year = {2005},
  month = {Aug},
  publisher = {American Physical Society},
  doi = {10.1103/PhysRevLett.95.071802},
  url = {http://link.aps.org/doi/10.1103/PhysRevLett.95.071802}
}



@article{PhysRevD.79.013008,
  title = {Model-independent description of $B\ensuremath{\rightarrow}\ensuremath{\pi}l\ensuremath{\nu}$ decays and a determination of $|{V}_{ub}|$},
  author = {Bourrely, Claude and Lellouch, Laurent and Caprini, Irinel},
  journal = {Phys. Rev. D},
  volume = {79},
  issue = {1},
  pages = {013008},
  numpages = {11},
  year = {2009},
  month = {Jan},
  publisher = {American Physical Society},
  doi = {10.1103/PhysRevD.79.013008},
  url = {http://link.aps.org/doi/10.1103/PhysRevD.79.013008}
}


@article{uwmask,
  author={D Banerjee and F-J Jiang and P Widmer and U-J Wiese},
  title={The (2?? +?? 1)-d U (1) quantum link model masquerading as deconfined criticality},
  journal={Journal of Statistical Mechanics: Theory and Experiment},
  volume={2013},
  number={12},
  pages={P12010},
  url={http://stacks.iop.org/1742-5468/2013/i=12/a=P12010},
  year={2013}
}


@article {uwreview,
author = {Wiese, U.-J.},
title = {Ultracold quantum gases and lattice systems: quantum simulation of lattice gauge theories},
journal = {Annalen der Physik},
volume = {525},
number = {10-11},
issn = {1521-3889},
url = {http://dx.doi.org/10.1002/andp.201300104},
doi = {10.1002/andp.201300104},
pages = {777--796},
year = {2013},
}


@article{PhysRevA.83.033625,
  title = {Optical-lattice Hamiltonians for relativistic quantum electrodynamics},
  author = {Kapit, Eliot and Mueller, Erich},
  journal = {Phys. Rev. A},
  volume = {83},
  issue = {3},
  pages = {033625},
  numpages = {10},
  year = {2011},
  month = {Mar},
  publisher = {American Physical Society},
  doi = {10.1103/PhysRevA.83.033625},
  url = {http://link.aps.org/doi/10.1103/PhysRevA.83.033625}
}


@article{Rossi:1984cv,
      author         = "Rossi, Pietro and Wolff, Ulli",
      title          = "{Lattice {QCD} With Fermions at Strong Coupling: A Dimer
                        System}",
      journal        = "Nucl.Phys.",
      volume         = "B248",
      pages          = "105",
      doi            = "10.1016/0550-3213(84)90589-3",
      year           = "1984",
      reportNumber   = "NYU/TR4/84",
}

@misc{heitgerphd,
  Author = {Heitger, Jochen},
  Note = {(Ph. D. thesis)},
  Title = {Numerical Simulations of Gauge-Higgs Models on the Lattice},
  Year = {1997}}

@misc{nextpub,
  Note = {The details will be presented in a separate publication}
}

@article{deForcrand:2013ufa,
      author         = "de Forcrand, Philippe and Langelage, Jens and Philipsen,
                        Owe and Unger, Wolfgang",
      title          = "{The Phase Diagram of Strong Coupling QCD including Gauge
                        Corrections}",
      journal        = "PoS",
      volume         = "LATTICE2013",
      pages          = "142",
      year           = "2014",
      eprint         = "1312.0589",
      archivePrefix  = "arXiv",
      primaryClass   = "hep-lat",
      reportNumber   = "CERN-PH-TH-2013-272",
}

@article{Bunk:1994xs,
      author         = "Bunk, B.",
      title          = "{Monte Carlo methods and results for the electro-weak
                        phase transition}",
      journal        = "Nucl.Phys.Proc.Suppl.",
      volume         = "42",
      pages          = "566-568",
      doi            = "10.1016/0920-5632(95)00313-X",
      year           = "1995",
}

%Hamiltonian formulation of the ABhiggs model
@article{PhysRevD.19.1882,
title = {Electrodynamics of the planar model: Its phase diagram, continuum limit, and mass spectrum},
author = {Jones, D. R. T. and Kogut, John and Sinclair, D. K.},
journal = {Phys. Rev. D},
volume = {19},
issue = {6},
pages = {1882--1905},
numpages = {0},
year = {1979},
month = {Mar},
publisher = {American Physical Society},
doi = {10.1103/PhysRevD.19.1882},
url = {http://link.aps.org/doi/10.1103/PhysRevD.19.1882}
}

%TRG with spinfoams
@article{PhysRevD.87.044048,
title = {Holonomy spin foam models: Definition and coarse graining},
author = {Bahr, Benjamin and Dittrich, Bianca and Hellmann, Frank and Kaminski, Wojciech},
journal = {Phys. Rev. D},
volume = {87},
issue = {4},
pages = {044048},
numpages = {18},
year = {2013},
month = {Feb},
publisher = {American Physical Society},
doi = {10.1103/PhysRevD.87.044048},
url = {http://link.aps.org/doi/10.1103/PhysRevD.87.044048}
}



@article{Kuno:2014npa,
      author         = "Kuno, Yoshihito and Kasamatsu, Kenichi and Takahashi,
                        Yoshiro and Ichinose, Ikuo and Matsui, Tetsuo",
      title          = "{Proposal for feasible experiments of cold-atom quantum
                        simulator of U(1) lattice gauge-Higgs model}",
      year           = "2014",
      eprint         = "1412.7605",
      archivePrefix  = "arXiv",
      primaryClass   = "cond-mat.quant-gas",
}

@article{Kasamatsu:2012im,
      author         = "Kasamatsu, Kenichi and Ichinose, Ikuo and Matsui, Tetsuo",
      title          = "{Atomic Quantum Simulation of the Lattice Gauge-Higgs
                        Model: Higgs Couplings and Emergence of Exact Local Gauge
                        Symmetry}",
      journal        = "Phys.Rev.Lett.",
      number         = "11",
      volume         = "111",
      pages          = "115303",
      doi            = "10.1103/PhysRevLett.111.115303",
      year           = "2013",
      eprint         = "1212.4952",
      archivePrefix  = "arXiv",
      primaryClass   = "quant-ph",
}

@article{Tagliacozzo:2012vg,
      author         = "Tagliacozzo, L. and Celi, A. and Zamora, A. and
                        Lewenstein, M.",
      title          = "{Optical Abelian Lattice Gauge Theories}",
      journal        = "Ann. Phys.",
      volume         = "330",
      pages          = "160-191",
      doi            = "10.1016/j.aop.2012.11.009",
      year           = "2013"
}

@article{Zohar:2012ay,
      author         = "Zohar, Erez and Cirac, J. Ignacio and Reznik, Benni",
      title          = "{Simulating Compact Quantum Electrodynamics with
                        ultracold atoms: Probing confinement and nonperturbative
                        effects}",
      journal        = "Phys. Rev. Lett.",
      volume         = "109",
      pages          = "125302",
      doi            = "10.1103/PhysRevLett.109.125302",
      year           = "2012"
}

@article{Zohar:2011cw,
      author         = "Zohar, Erez and Reznik, Benni",
      title          = "{Confinement and lattice QED electric flux-tubes
                        simulated with ultracold atoms}",
      journal        = "Phys.Rev.Lett.",
      volume         = "107",
      pages          = "275301",
      doi            = "10.1103/PhysRevLett.107.275301",
      year           = "2011"
}


@article{Bazavov:2014lla,
      author         = "Bazavov, Alexei and Lai, Chen-Yen and Tsai, Shan-Wen and
                        Meurice, Yannick",
      title          = "{The effective U(1)-Higgs theory at strong coupling on
                        optical lattices?}",
      year           = "2014",
      eprint         = "1411.4989",
      archivePrefix  = "arXiv",
      primaryClass   = "hep-lat",
}

@article{PhysRevA.90.063603,
  title = {Progress towards quantum simulating the classical O(2) model},
  author = {Zou, Haiyuan and Liu, Yuzhi and Lai, Chen-Yen and Unmuth-Yockey, J. and Yang, Li-Ping and Bazavov, A. and Xie, Z. Y. and Xiang, T. and Chandrasekharan, S. and Tsai, S.-W. and Meurice, Y.},
  journal = {Phys. Rev. A},
  volume = {90},
  issue = {6},
  pages = {063603},
  numpages = {7},
  year = {2014},
  month = {Dec},
  publisher = {American Physical Society},
  doi = {10.1103/PhysRevA.90.063603},
  url = {http://link.aps.org/doi/10.1103/PhysRevA.90.063603}
}


@article{Christensen:2015axa,
      author         = "Christensen, Alexander S. and Myers, Joyce C. and
                        Pedersen, Peter D. and Rosseel, Jan",
      title          = "{Calculating the chiral condensate diagrammatically at
                        strong coupling}",
      year           = "2015",
      eprint         = "1502.04865",
      archivePrefix  = "arXiv",
      primaryClass   = "hep-lat",
}


@article{Tomboulis:2013ppa,
      author         = "Tomboulis, E.T.",
      title          = "{Chiral symmetry restoration at large chemical potential
                        in strongly coupled SU(N) gauge theories}",
      journal        = "J.Math.Phys.",
      volume         = "54",
      pages          = "122301",
      doi            = "10.1063/1.4858460, 10.1063/1.4837115",
      year           = "2013",
      eprint         = "1304.4678",
      archivePrefix  = "arXiv",
      primaryClass   = "hep-lat",
}

@article{Tomboulis:2012nr,
      author         = "Tomboulis, E.T.",
      title          = "{Absence of chiral symmetry breaking in multi-flavor
                        strongly coupled lattice gauge theories}",
      journal        = "Phys.Rev.",
      number         = "3",
      volume         = "D87",
      pages          = "034513",
      doi            = "10.1103/PhysRevD.87.034513",
      year           = "2013",
      eprint         = "1211.4842",
      archivePrefix  = "arXiv",
      primaryClass   = "hep-lat",
}

@article{PhysRevB.38.2926,
  title = {SU(2) gauge invariance and order parameters in strongly coupled electronic systems},
  author = {Dagotto, Elbio and Fradkin, Eduardo and Moreo, Adriana},
  journal = {Phys. Rev. B},
  volume = {38},
  issue = {4},
  pages = {2926--2929},
  numpages = {0},
  year = {1988},
  month = {Aug},
  publisher = {American Physical Society},
  doi = {10.1103/PhysRevB.38.2926},
  url = {http://link.aps.org/doi/10.1103/PhysRevB.38.2926}
}

@article{Meurice:2012wk,
      author         = "Meurice, Y.",
      title          = "{QCD calculations with optical lattices?}",
      journal        = "PoS",
      volume         = "LATTICE2011",
      pages          = "040",
      year           = "2011",
      eprint         = "1202.1605",
      archivePrefix  = "arXiv",
      primaryClass   = "hep-lat",
}

@article{Blum:2013mhx,
      author         = "Blum, T. and Van de Water, R.S. and Holmgren, D. and
                        Brower, R. and Catterall, S. and others",
      title          = "{Working Group Report: Lattice Field Theory}",
      year           = "2013",
      eprint         = "1310.6087",
      archivePrefix  = "arXiv",
      primaryClass   = "hep-lat",
      reportNumber   = "FERMILAB-CONF-13-483-T",
}

@article{Appelquist:2013sia,
      author         = "Appelquist, Thomas and Brower, Richard and Catterall,
                        Simon and Fleming, George and Giedt, Joel and others",
      title          = "{Lattice Gauge Theories at the Energy Frontier}",
      year           = "2013",
      eprint         = "1309.1206",
      archivePrefix  = "arXiv",
      primaryClass   = "hep-lat",
}

@article{RevModPhys.80.885,
  title = {Many-body physics with ultracold gases},
  author = {Bloch, Immanuel and Dalibard, Jean and Zwerger, Wilhelm},
  journal = {Rev. Mod. Phys.},
  volume = {80},
  issue = {3},
  pages = {885--964},
  numpages = {0},
  year = {2008},
  month = {Jul},
  publisher = {American Physical Society},
  doi = {10.1103/RevModPhys.80.885},
  url = {http://link.aps.org/doi/10.1103/RevModPhys.80.885}
}



@article{PhysRevA.85.023623,
  title = {Quantum dynamics of impurities in a one-dimensional Bose gas},
  author = {Catani, J. and Lamporesi, G. and Naik, D. and Gring, M. and Inguscio, M. and Minardi, F. and Kantian, A. and Giamarchi, T.},
  journal = {Phys. Rev. A},
  volume = {85},
  issue = {2},
  pages = {023623},
  numpages = {6},
  year = {2012},
  month = {Feb},
  publisher = {American Physical Society},
  doi = {10.1103/PhysRevA.85.023623},
  url = {http://link.aps.org/doi/10.1103/PhysRevA.85.023623}
}



@article{PhysRevLett.100.210402,
  title = {Double Species Bose-Einstein Condensate with Tunable Interspecies Interactions},
  author = {Thalhammer, G. and Barontini, G. and De Sarlo, L. and Catani, J. and Minardi, F. and Inguscio, M.},
  journal = {Phys. Rev. Lett.},
  volume = {100},
  issue = {21},
  pages = {210402},
  numpages = {4},
  year = {2008},
  month = {May},
  publisher = {American Physical Society},
  doi = {10.1103/PhysRevLett.100.210402},
  url = {http://link.aps.org/doi/10.1103/PhysRevLett.100.210402}
}



@article{PhysRevLett.89.190404,
  title = {Two Atomic Species Superfluid},
  author = {Modugno, G. and Modugno, M. and Riboli, F. and Roati, G. and Inguscio, M.},
  journal = {Phys. Rev. Lett.},
  volume = {89},
  issue = {19},
  pages = {190404},
  numpages = {4},
  year = {2002},
  month = {Oct},
  publisher = {American Physical Society},
  doi = {10.1103/PhysRevLett.89.190404},
  url = {http://link.aps.org/doi/10.1103/PhysRevLett.89.190404}
}


@article{Luscher1991221,
title = "A numerical method to compute the running coupling in asymptotically free theories ",
journal = "Nuclear Physics B ",
volume = "359",
number = "1",
pages = "221 - 243",
year = "1991",
note = "",
issn = "0550-3213",
doi = "http://dx.doi.org/10.1016/0550-3213(91)90298-C",
url = "http://www.sciencedirect.com/science/article/pii/055032139190298C",
author = "Martin Luscher and Peter Weisz and Ulli Wolff",
}


@article{PhysRevLett.80.1742,
  title = {Square-Lattice Heisenberg Antiferromagnet at Very Large Correlation Lengths},
  author = {Beard, B. B. and Birgeneau, R. J. and Greven, M. and Wiese, U.-J.},
  journal = {Phys. Rev. Lett.},
  volume = {80},
  issue = {8},
  pages = {1742--1745},
  numpages = {0},
  year = {1998},
  month = {Feb},
  publisher = {American Physical Society},
  doi = {10.1103/PhysRevLett.80.1742},
  url = {http://link.aps.org/doi/10.1103/PhysRevLett.80.1742}
}


@article{toposigma2010,
year={2010},
journal={Journal of High Energy Physics},
eid={20},
volume={2010},
number={12},
doi={10.1007/JHEP12(2010)020},
title={Topological lattice actions},
url={http://dx.doi.org/10.1007/JHEP12%282010%29020},
publisher={Springer-Verlag},
keywords={Field Theories in Lower Dimensions; Nonperturbative Effects; Lattice Quantum Field Theory; Sigma Models},
author={Bietenholz, W. and Gerber, U. and Pepe, M. and Wiese, U.-J.},
language={English}
}


@article{PhysRevLett.75.1891,
  title = {Asymptotic Scaling in the Two-Dimensional O(3) $\sigma${} Model at Correlation Length 1${0}^{5}$},
  author = {Caracciolo, Sergio and Edwards, Robert G. and Pelissetto, Andrea and Sokal, Alan D.},
  journal = {Phys. Rev. Lett.},
  volume = {75},
  issue = {10},
  pages = {1891--1894},
  numpages = {0},
  year = {1995},
  month = {Sep},
  publisher = {American Physical Society},
  doi = {10.1103/PhysRevLett.75.1891},
  url = {http://link.aps.org/doi/10.1103/PhysRevLett.75.1891}
}


@article{bragg,
	Author = {Ernst, Philipp T. and Gotze, Soren and Krauser, Jasper S. and Pyka, Karsten and Luhmann, Dirk-Soren and Pfannkuche, Daniela and Sengstock, Klaus},
		Journal = {Nat Phys},
	Number = {1},
	Pages = {56--61},
	Publisher = {Nature Publishing Group},
	Title = {Probing superfluids in optical lattices by momentum-resolved Bragg spectroscopy},
	Volume = {6},
	Year = {2010}}


@article{PhysRevLett.109.175302,
  title = {Atomic Quantum Simulation of Dynamical Gauge Fields Coupled to Fermionic Matter: From String Breaking to Evolution after a Quench},
  author = {Banerjee, D. and Dalmonte, M. and M\"uller, M. and Rico, E. and Stebler, P. and Wiese, U.-J. and Zoller, P.},
  journal = {Phys. Rev. Lett.},
  volume = {109},
  issue = {17},
  pages = {175302},
  numpages = {5},
  year = {2012},
  month = {Oct},
  publisher = {American Physical Society},
  doi = {10.1103/PhysRevLett.109.175302},
  url = {http://link.aps.org/doi/10.1103/PhysRevLett.109.175302}
}


@article{PhysRevB.75.134302,
  title = {Phase diagram and thermodynamics of the three-dimensional Bose-Hubbard model},
  author = {Capogrosso-Sansone, B. and Prokof'ev, N. V. and Svistunov, B. V.},
  journal = {Phys. Rev. B},
  volume = {75},
  issue = {13},
  pages = {134302},
  numpages = {10},
  year = {2007},
  month = {Apr},
  publisher = {American Physical Society},
  doi = {10.1103/PhysRevB.75.134302},
  url = {http://link.aps.org/doi/10.1103/PhysRevB.75.134302}
}


@article{FeynmanSimulating,
  year={1982},
  issn={0020-7748},
  journal={International Journal of Theoretical Physics},
  volume={21},
  number={6-7},
  doi={10.1007/BF02650179},
  title={Simulating physics with computers},
  url={http://dx.doi.org/10.1007/BF02650179},
  publisher={Kluwer Academic Publishers-Plenum Publishers},
  author={Feynman, RichardP.},
  pages={467-488},
  language={English}
}



@article{cqed,
  title = {Simulating Compact Quantum Electrodynamics with Ultracold Atoms: Probing Confinement and Nonperturbative Effects},
  author = {Zohar, Erez and Cirac, J. Ignacio and Reznik, Benni},
  journal = {Phys. Rev. Lett.},
  volume = {109},
  issue = {12},
  pages = {125302},
  numpages = {5},
  year = {2012},
  month = {Sep},
  publisher = {American Physical Society},
  doi = {10.1103/PhysRevLett.109.125302},
  url = {http://link.aps.org/doi/10.1103/PhysRevLett.109.125302}
}



@article{Hasenfratz:1983ba,
      author         = "Hasenfratz, P. and Karsch, F.",
      title          = "{Chemical Potential on the Lattice}",
      journal        = "Phys.Lett.",
      volume         = "B125",
      pages          = "308",
      doi            = "10.1016/0370-2693(83)91290-X",
      year           = "1983",
      reportNumber   = "CERN-TH-3530",
}


@ARTICLE{trot,
   author = {{Trotzky}, S. and {Pollet}, L. and {Gerbier}, F. and {Schnorrberger}, U. and 
	{Bloch}, I. and {Prokof'ev}, N.~V. and {Svistunov}, B. and {Troyer}, M.
	},
    title = "{Suppression of the critical temperature for superfluidity near the Mott transition}",
  journal = {Nature Phys.},
     year = 2010,
    month = dec,
   volume = 6,
    pages = {998-1004},
      doi = {10.1038/nphys1799},
   adsurl = {http://adsabs.harvard.edu/abs/2010NatPh...6..998T},
  adsnote = {Provided by the SAO/NASA Astrophysics Data System}
}


@article{Lee:2007ip,
author = {Lee, P and Anderlini, M and Brown, B and Sebby-Strabley, J and Phillips, W and Porto, J},
title = {{Sublattice Addressing and Spin-Dependent Motion of Atoms in a Double-Well Lattice}},
journal = {Phys. Rev. Lett.},
year = {2007},
volume = {99},
number = {2},
pages = {020402},
month = jul
}

@article{Anderlini:2007eb,
author = {Anderlini, Marco and Lee, Patricia J and Brown, Benjamin L and Sebby-Strabley, Jennifer and Phillips, William D and Porto, J},
title = {{Controlled exchange interaction between pairs of neutral atoms in an optical lattice}},
journal = {Nature},
year = {2007},
volume = {448},
number = {7152},
pages = {452--456},
month = jul
}

@article{McKay:2010jn,
author = {McKay, D and DeMarco, B},
title = {{Thermometry with spin-dependent lattices}},
journal = {New J. Phys.},
year = {2010},
volume = {12},
number = {5},
pages = {055013},
month = may
}

@article{SoltanPanahi:2011ey,
author = {Soltan-Panahi, P and Struck, J and Hauke, P and Bick, A and Plenkers, W and Meineke, G and Becker, C and Windpassinger, P and Lewenstein, M and Sengstock, K},
title = {{Multi-component quantum gases in spin-dependent hexagonal lattices}},
journal = {Nat Phys},
year = {2011},
volume = {7},
number = {5},
pages = {434--440},
month = may
}

@article{Belmechri:2013fe,
author = {Belmechri, Noomen and F{\"o}rster, Leonid and Alt, Wolfgang and Widera, Artur and Meschede, Dieter and Alberti, Andrea},
title = {{Microwave control of atomic motional states in a spin-dependent optical lattice}},
journal = {J. Phys. B: At. Mol. Opt. Phys.},
year = {2013},
volume = {46},
number = {10},
pages = {104006},
month = may
}

%% Rb - K mixture
@article{Thalhammer:2008in,
author = {Thalhammer, G and Barontini, G and De Sarlo, L and Catani, J and Minardi, F and Inguscio, M},
title = {{Double Species Bose-Einstein Condensate with Tunable Interspecies Interactions}},
journal = {Phys. Rev. Lett.},
year = {2008},
volume = {100},
number = {21},
pages = {210402},
month = may
}

@article{Catani:2008fp,
author = {Catani, J and De Sarlo, L and Barontini, G and Minardi, F and Inguscio, M},
title = {{Degenerate Bose-Bose mixture in a three-dimensional optical lattice}},
journal = {Phys. Rev. A},
year = {2008},
volume = {77},
number = {1},
pages = {011603},
month = jan
}

%% Extended Hubbard term
@article{Mazzarella:2006cx,
author = {Mazzarella, G and Giampaolo, S and Illuminati, F},
title = {{Extended Bose Hubbard model of interacting bosonic atoms in optical lattices: From superfluidity to density waves}},
journal = {Phys. Rev. A},
year = {2006},
volume = {73},
number = {1},
pages = {013625},
month = jan
}

@article{Scarola:2005vq,
author = {Scarola, V W and Sarma, S D},
title = {{Quantum phases of the extended Bose-Hubbard Hamiltonian: Possibility of a supersolid state of cold atoms in optical lattices}},
journal = {Phys. Rev. Lett.},
year = {2005},
volume = {95},
number = {3},
pages = {033003}
}

@article{Trefzger:2009cx,
author = {Trefzger, C and Menotti, C and Lewenstein, M},
title = {{Pair-Supersolid Phase in a Bilayer System of Dipolar Lattice Bosons}},
journal = {Phys. Rev. Lett.},
year = {2009},
volume = {103},
number = {3},
pages = {035304},
month = jul
}


@article{PhysRevB.46.9051,
  title = {World-line quantum Monte Carlo algorithm for a one-dimensional Bose model},
  author = {Batrouni, Ghassan George and Scalettar, Richard T.},
  journal = {Phys. Rev. B},
  volume = {46},
  issue = {14},
  pages = {9051--9062},
  numpages = {0},
  year = {1992},
  month = {Oct},
  publisher = {American Physical Society},
  doi = {10.1103/PhysRevB.46.9051},
  url = {http://link.aps.org/doi/10.1103/PhysRevB.46.9051}
}



@article{PhysRevB.58.R14741,
  title = {Phases of the one-dimensional Bose-Hubbard model},
  author = {K\"uhner, T. D. and Monien, H.},
  journal = {Phys. Rev. B},
  volume = {58},
  issue = {22},
  pages = {R14741--R14744},
  numpages = {0},
  year = {1998},
  month = {Dec},
  publisher = {American Physical Society},
  doi = {10.1103/PhysRevB.58.R14741},
  url = {http://link.aps.org/doi/10.1103/PhysRevB.58.R14741}
}



@article{PhysRevD.13.1043,
  title = {Strong-coupling calculations of lattice gauge theories: (1 + 1)-dimensional exercises},
  author = {Banks, T. and Susskind, Leonard and Kogut, John},
  journal = {Phys. Rev. D},
  volume = {13},
  issue = {4},
  pages = {1043--1053},
  numpages = {0},
  year = {1976},
  month = {Feb},
  publisher = {American Physical Society},
  doi = {10.1103/PhysRevD.13.1043},
  url = {http://link.aps.org/doi/10.1103/PhysRevD.13.1043}
}

@article{PhysRevLett.110.125303,
  title = {Atomic Quantum Simulation of U(N) and SU(N) Non-Abelian Lattice Gauge Theories},
  author = {Banerjee, D. and B\"ogli, M. and Dalmonte, M. and Rico, E. and Stebler, P. and Wiese, U.-J. and Zoller, P.},
  journal = {Phys. Rev. Lett.},
  volume = {110},
  issue = {12},
  pages = {125303},
  numpages = {5},
  year = {2013},
  month = {Mar},
  publisher = {American Physical Society},
  doi = {10.1103/PhysRevLett.110.125303},
  url = {http://link.aps.org/doi/10.1103/PhysRevLett.110.125303}
}

@article{PhysRevLett.110.125304,
  title = {Cold-Atom Quantum Simulator for SU(2) Yang-Mills Lattice Gauge Theory},
  author = {Zohar, Erez and Cirac, J. Ignacio and Reznik, Benni},
  journal = {Phys. Rev. Lett.},
  volume = {110},
  issue = {12},
  pages = {125304},
  numpages = {5},
  year = {2013},
  month = {Mar},
  publisher = {American Physical Society},
  doi = {10.1103/PhysRevLett.110.125304},
  url = {http://link.aps.org/doi/10.1103/PhysRevLett.110.125304}
}

@article{Tagliacozzo2013160,
title = "Optical Abelian lattice gauge theories ",
journal = "Annals of Physics ",
volume = "330",
number = "0",
pages = "160 - 191",
year = "2013",
note = "",
issn = "0003-4916",
doi = "http://dx.doi.org/10.1016/j.aop.2012.11.009",
url = "http://www.sciencedirect.com/science/article/pii/S0003491612001819",
author = "L. Tagliacozzo and A. Celi and A. Zamora and M. Lewenstein",
keywords = "Quantum simulation",
keywords = "Lattice gauge theory",
keywords = "Optical lattice",
keywords = "Gauge magnet "
}

@book{LewensteinBook,
  Author = {Maciej Lewenstein and Anna Sanpera and Veronica Ahufinger},
  Title = {Ultracold Atoms in Optical Lattices: Simulating quantum many-body systems},
  Publisher = {Oxford University Press, USA},
  Year = {2012},
}


@article{Banks1977493,
title = "Phase transitions in Abelian lattice gauge theories ",
journal = "Nuclear Physics B ",
volume = "129",
number = "3",
pages = "493 - 510",
year = "1977",
note = "",
issn = "0550-3213",
doi = "http://dx.doi.org/10.1016/0550-3213(77)90129-8",
url = "http://www.sciencedirect.com/science/article/pii/0550321377901298",
author = "T. Banks and R. Myerson and J. Kogut"
}

@article{signtrg,
  title = {Controlling sign problems in spin models using tensor renormalization},
  author = {Alan Denbleyker and Yuzhi Liu and Y. Meurice and M. P. Qin and T.
Xiang and Z. Y. Xie and J. F. Yu and Haiyuan Zou},
  journal = {Phys. Rev. D},
  volume = {89},
  issue = {1},
  pages = {016008},
  numpages = {8},
  year = {2014},
  month = {Jan},
  publisher = {American Physical Society},
  doi = {10.1103/PhysRevD.89.016008},
  url = {http://link.aps.org/doi/10.1103/PhysRevD.89.016008}
}

@article{PhysRevE.89.013308,
  title = {Tensor renormalization group study of classical XY model on the square lattice},
  author = {Yu, J. F. and Xie, Z. Y. and Meurice, Y. and Liu, Yuzhi and Denbleyker, Alan and Zou, Haiyuan and Qin, M. P. and Chen, J. and Xiang, T.},
  journal = {Phys. Rev. E},
  volume = {89},
  issue = {1},
  pages = {013308},
  numpages = {4},
  year = {2014},
  month = {Jan},
  publisher = {American Physical Society},
  doi = {10.1103/PhysRevE.89.013308},
  url = {http://link.aps.org/doi/10.1103/PhysRevE.89.013308}
}

@article{PhysRevLett.108.145301,
  title = {Bond Order Solid of Two-Dimensional Dipolar Fermions},
  author = {Bhongale, S. G. and Mathey, L. and Tsai, Shan-Wen and Clark, Charles W. and Zhao, Erhai},
  journal = {Phys. Rev. Lett.},
  volume = {108},
  issue = {14},
  pages = {145301},
  numpages = {5},
  year = {2012},
  month = {Apr},
  publisher = {American Physical Society},
  doi = {10.1103/PhysRevLett.108.145301},
  url = {http://link.aps.org/doi/10.1103/PhysRevLett.108.145301}
}

@article{Chandrasekharan:1996ih,
      author         = "Chandrasekharan, S. and Wiese, U.J.",
      title          = "{Quantum link models: A Discrete approach to gauge
                        theories}",
      journal        = "Nucl.Phys.",
      volume         = "B492",
      pages          = "455-474",
      doi            = "10.1016/S0550-3213(97)00006-0",
      year           = "1997",
      eprint         = "hep-lat/9609042",
      archivePrefix  = "arXiv",
      primaryClass   = "hep-lat",
      reportNumber   = "MIT-CTP-2573",
}

@article{Orland:1989st,
      author         = "Orland, Peter and Rohrlich, Daniel",
      title          = "{Lattice Gauge Magnets: Local Isospin From Spin}",
      journal        = "Nucl.Phys.",
      volume         = "B338",
      pages          = "647-672",
      doi            = "10.1016/0550-3213(90)90646-U",
      year           = "1990",
      reportNumber   = "NBI-HE-89-33",
}

@book{M.Fisher.2004,
  author = {Fisher, Matthew P. A.},
  chapter = {Duality in low dimensional quantum field theories},
  title = {Strong Interaction in Low Dimensions},
  editor = {D. Baeriswyl and L. Degiorgi},
  publisher = {Kluwer Academic},
  year = {2004},
  page = {419}
}


@article{PhysRevD.11.395,
  title = {Hamiltonian formulation of Wilson's lattice gauge theories},
  author = {Kogut, John and Susskind, Leonard},
  journal = {Phys. Rev. D},
  volume = {11},
  issue = {2},
  pages = {395--408},
  numpages = {0},
  year = {1975},
  month = {Jan},
  publisher = {American Physical Society},
  doi = {10.1103/PhysRevD.11.395},
  url = {http://link.aps.org/doi/10.1103/PhysRevD.11.395}
}

@article{RevModPhys.51.659,
  title = {An introduction to lattice gauge theory and spin systems},
  author = {Kogut, John B.},
  journal = {Rev. Mod. Phys.},
  volume = {51},
  issue = {4},
  pages = {659--713},
  numpages = {0},
  year = {1979},
  month = {Oct},
  publisher = {American Physical Society},
  doi = {10.1103/RevModPhys.51.659},
  url = {http://link.aps.org/doi/10.1103/RevModPhys.51.659}
}
@article{Wiese:2013uua,
      author         = "Wiese, U. -J.",
      title          = "{Ultracold Quantum Gases and Lattice Systems: Quantum
                        Simulation of Lattice Gauge Theories}",
      year           = "2013"
}

@article{Chung:2012cb,
author = {Chung, Chia-Min and Fang, Shiang and Chen, Pochung},
title = {{Quantum and thermal transitions out of the pair-supersolid phase of two-species bosons on a square lattice}},
journal = {Phys. Rev. B},  
year = {2012},
volume = {85},
number = {21},
pages = {214513},
month = jun
}

@article{Chen:2010is,
author = {Chen, Pochung and Yang, Min-Fong},
title = {{Quantum phase transitions in a two-species hard-core boson Hubbard model in two dimensions}},
journal = {Phys. Rev. B},
year = {2010},
volume = {82},
number = {18},
pages = {180510},
month = nov
}

@article{Kuklov:2004hl,
author = {Kuklov, Anatoly and Prokof{\textquoteright}ev, Nikolay and Svistunov, },
title = {{Commensurate Two-Component Bosons in an Optical Lattice: Ground State Phase Diagram}},
journal = {Phys. Rev. Lett.},
year = {2004},
volume = {92},
number = {5},
pages = {050402},
month = feb
}

@article{Kuklov:2003bra,
author = {Kuklov, A B and Svistunov, B V},
title = {{Counterflow Superfluidity of Two-Species Ultracold Atoms in a Commensurate Optical Lattice}},
journal = {Phys. Rev. Lett.},
year = {2003},
volume = {90},
number = {10},
pages = {100401},
month = mar
}



@book{sachdev2011,
  author = {Sachdev, S.},
  title = {Quantum phase transitions},
  edition = {Second Ed.},
  isbn = {9780521514682},
  publisher = {Cambridge University Press},
  year = 2011
}

@article{PhysRevB.40.546,
  title = {Boson localization and the superfluid-insulator transition},
  author = {Fisher, Matthew P. A. and Weichman, Peter B. and Grinstein, G. and Fisher, Daniel S.},
  journal = {Phys. Rev. B},
  volume = {40},
  issue = {1},
  pages = {546--570},
  numpages = {0},
  year = {1989},
  month = {Jul},
  publisher = {American Physical Society},
  doi = {10.1103/PhysRevB.40.546},
  url = {http://link.aps.org/doi/10.1103/PhysRevB.40.546}
}


@misc{trgnum,
  Author = {Li Ping Yang and Haiyuan Zou and Yuzhi Liu and S. Chandrasekharan and J. Unmuth-Yockey and Z. Y. Xie and T. Xiang and Y. Meurice},
  title={A tensor renormalization approach of the O(2) model with a chemical potential}, 
  Note = {preprint in preparation}
  }



@ARTICLE{LaihoCoumbe,
 author = {Jack Laiho and Daniel Coumbe},
 title = {Exploring the Phase Diagram of Lattice Quantum Gravity},
 journal = {arXiv},
 year = {2012},
 volume = {[hep-th]},
 pages = {1201.2864},
 owner = {judah},
 quality = {1},
 timestamp = {2013.11.21}
}

@ARTICLE{doi:10.1142/S0217732313501393,
  author = {ARNAB KAR and FRED MOOLEKAMP and S. G. RAJEEV},
  title = {A HIERARCHICAL FINITE ELEMENT METHOD FOR QUANTUM FIELD THEORY},
  journal = {Modern Physics Letters A},
  year = {2013},
  volume = {28},
  pages = {1350139},
  number = {31},
  doi = {10.1142/S0217732313501393},
  eprint = {http://www.worldscientific.com/doi/pdf/10.1142/S0217732313501393},
  url = {http://www.worldscientific.com/doi/abs/10.1142/S0217732313501393}
}

@ARTICLE{doi:10.1063/1.1580071,
  author = {Hendryk Pfeiffer},
  title = {Exact duality transformations for sigma models and gauge theories},
  journal = {J. Math. Phys.},
  year = {2003},
  volume = {44},
  pages = {2891},
  doi = {10.1063/1.1580071},
  url = {http://dx.doi.org/10.1063/1.1580071}
}



@ARTICLE{trgpro,
 author = {Alan Denbleyker and Yuzhi Liu and Y. Meurice and M. P. Qin and T.
Xiang and Z. Y. Xie and J. F. Yu and Haiyuan Zou},
 title = {Comparing Tensor Renormalization Group and Monte Carlo calculations for spin and gauge models},
 journal = {arXiv},
 year = {2013},
 volume = {[hep-lat]},
 pages = {1311.xxxx},
 owner = {judah},
 quality = {1},
 timestamp = {2013.11.15}
}


@article{DeGrand:2006zz,
      author         = "DeGrand, Thomas and Detar, Carleton E.",
      title          = "{Lattice methods for quantum chromodynamics}",
      year           = "2006",
      Address= {Singapore}, Publisher={World Scientific},
}


@article{PhysRevLett.110.070601,  
  title = {Bold Diagrammatic Monte~Carlo Method Applied to Fermionized Frustrated Spins},
  author = {Kulagin, S. A. and Prokof'ev, N. and Starykh, O. A. and Svistunov, B. and Varney, C. N.},
  journal = {Phys. Rev. Lett.},
  volume = {110},
  issue = {7},
  pages = {070601},
  numpages = {5},
  year = {2013},
  month = {Feb},
  doi = {10.1103/PhysRevLett.110.070601},
  url = {http://link.aps.org/doi/10.1103/PhysRevLett.110.070601},
  publisher = {American Physical Society}
}

@article{PhysRevB.87.235133,
  title = {Determinant quantum Monte Carlo study of the two-dimensional single-band Hubbard-Holstein model},
  author = {Johnston, S. and Nowadnick, E. A. and Kung, Y. F. and Moritz, B. and Scalettar, R. T. and Devereaux, T. P.},
  journal = {Phys. Rev. B},
  volume = {87},
  issue = {23},
  pages = {235133},
  numpages = {13},
  year = {2013},
  month = {Jun},
  doi = {10.1103/PhysRevB.87.235133},
  url = {http://link.aps.org/doi/10.1103/PhysRevB.87.235133},
  publisher = {American Physical Society}
}



@article{PhysRevLett.34.1005,
  title = {Variational Principles and Approximate Renormalization Group Calculations},
  author = {Kadanoff, Leo P.},
  journal = {Phys. Rev. Lett.},
  volume = {34},
  issue = {16},
  pages = {1005--1008},
  year = {1975},
  month = {Apr},
  doi = {10.1103/PhysRevLett.34.1005},
  url = {http://link.aps.org/doi/10.1103/PhysRevLett.34.1005},
  publisher = {American Physical Society}
}




@article{PhysRevB.87.064422,
  title = {Accurate exponents from approximate tensor renormalizations},
  author = {Meurice, Y.},
  journal = {Phys. Rev. B},
  volume = {87},
  issue = {6},
  pages = {064422},
  numpages = {4},
  year = {2013},
  month = {Feb},
  doi = {10.1103/PhysRevB.87.064422},
  url = {http://link.aps.org/doi/10.1103/PhysRevB.87.064422},
  publisher = {American Physical Society}
}

@article{tomboulissu2,
 author = {E. T. Tomboulis},
 title = {Confinement for all values of the coupling in four-dimensional SU(2) gauge theory},
 journal = {arXiv},
 year = {2007},
 volume = {[hep-th]},
 pages = {707.2179},
 owner = {judah},
 quality = {1},
 timestamp = {2013.11.15}
}

@article{PTRS.369.2718,
  title = {Quark confinement and the renormalization group},
  author = {Michael C. Ogilvie},
  journal = {Phil. Trans. R. Soc. A.},
  volume = {369},
  pages = {2718-2734},
  numpages = {17},
  year = {2011},
  doi = {10.1098/rsta.2010.0379},
  publisher = {The Royal Society}
}
    
@article{Anishetty1993387,
  author = {Ramesh Anishetty and Srinath Cheluvaraja and H.S. Sharatchandra and
  Manu Mathur},
  title = {Dual of 3-dimensional pure SU(2) lattice gauge theory and the Ponzano-Regge model},
  journal = {Physics Letters B },
  year = {1993},
  volume = {314},
  pages = {387 - 390},
  number = {3??????4},
  doi = {http://dx.doi.org/10.1016/0370-2693(93)91254-K},
  issn = {0370-2693},
  url = {http://www.sciencedirect.com/science/article/pii/037026939391254K}
}

@article{PhysRevD.88.056005,
  title = {Exact blocking formulas for spin and gauge models},
  author = {Liu, Yuzhi and Meurice, Y. and Qin, M. P. and Unmuth-Yockey, J. and Xiang, T. and Xie, Z. Y. and Yu, J. F. and Zou, Haiyuan},
  journal = {Phys. Rev. D},
  volume = {88},
  issue = {5},
  pages = {056005},
  numpages = {12},
  year = {2013},
  month = {Sep},
  doi = {10.1103/PhysRevD.88.056005},
  url = {http://link.aps.org/doi/10.1103/PhysRevD.88.056005},
  publisher = {American Physical Society}
}

@article{PhysRevD.72.064014,
  title = {Reconstructing the Universe},
  author = {Ambj\o{}rn, J. and Jurkiewicz, J. and Loll, R.},
  journal = {Phys. Rev. D},
  volume = {72},
  issue = {6},
  pages = {064014},
  numpages = {24},
  year = {2005},
  month = {Sep},
  doi = {10.1103/PhysRevD.72.064014},
  url = {http://link.aps.org/doi/10.1103/PhysRevD.72.064014},
  publisher = {American Physical Society}
}









@article{Exactblocking13prd,
  title = {Exact blocking formulas for spin and gauge models},
  author = {Liu, Yuzhi and Meurice, Y. and Qin, M. P. and Unmuth-Yockey, J. and Xiang, T. and Xie, Z. Y. and Yu, J. F. and Zou, Haiyuan},
  journal = {Phys. Rev. D},
  volume = {88},
  issue = {5},
  pages = {056005},
  numpages = {12},
  year = {2013},
  month = {Sep},
  doi = {10.1103/PhysRevD.88.056005},
  url = {http://link.aps.org/doi/10.1103/PhysRevD.88.056005},
  publisher = {American Physical Society}
}


@article{YMPRB13,
  title = {Accurate exponents from approximate tensor renormalizations},
  author = {Meurice, Y.},
  journal = {Phys. Rev. B},
  volume = {87},
  issue = {6},
  pages = {064422},
  numpages = {4},
  year = {2013},
  month = {Feb},
  doi = {10.1103/PhysRevB.87.064422},
  url = {http://link.aps.org/doi/10.1103/PhysRevB.87.064422},
  publisher = {American Physical Society}
}


@article{PhysRevLett.87.160601,
  title = {Worm Algorithms for Classical Statistical Models},
  author = {Prokof'ev, Nikolay and Svistunov, Boris},
  journal = {Phys. Rev. Lett.},
  volume = {87},
  issue = {16},
  pages = {160601},
  numpages = {4},
  year = {2001},
  month = {Sep},
  doi = {10.1103/PhysRevLett.87.160601},
  url = {http://link.aps.org/doi/10.1103/PhysRevLett.87.160601},
  publisher = {American Physical Society}
}
@article{Banerjee:2010kc,
      author         = "Banerjee, Debasish and Chandrasekharan, Shailesh",
      title          = "{Finite size effects in the presence of a chemical
                        potential: A study in the classical non-linear O(2)
                        sigma-model}",
      journal        = "Phys.Rev.",
      volume         = "D81",
      pages          = "125007",
      doi            = "10.1103/PhysRevD.81.125007",
      year           = "2010",
      eprint         = "1001.3648",
      archivePrefix  = "arXiv",
      primaryClass   = "hep-lat",
}

@article{Meisinger:2013zfa,
      author         = "Meisinger, Peter N. and Ogilvie, Michael C.",
      title          = "{The Sign Problem, PT Symmetry and Abelian Lattice
                        Duality}",
      year           = "2013",
      eprint         = "1306.1495",
      archivePrefix  = "arXiv",
      primaryClass   = "hep-lat",
}

@misc{abprogress,
  Author = {Bazavov, A. and  Meurice, Y.},
  title={Density of States and Fisher's Zeros of U(1) Lattice Gauge Theory}, 
  Note = {preprint in preparation}}

@misc{groupprogress, 
author= {Denbleyker, A. and  Liu, Y and  Meurice, Y and Qin, M and Unmuth-Yockey, J and  Xiang, T and Xie, Z and Yu, J and Zou, H}, 
title={Work in progress}, 
year="2013"}



@article{Banuls:2013jaa,
      author         = "Ba\~nuls, M.C. and Cichy, K. and Jansen, K. and Cirac,
                        J.I.",
      title          = "{The mass spectrum of the Schwinger model with Matrix
                        Product States}",
      year           = "2013",
      eprint         = "1305.3765",
      archivePrefix  = "arXiv",
      primaryClass   = "hep-lat",
      reportNumber   = "DESY-13-084, SFB-CPP-13-31",
}


@article{PhysRevD.30.1775,
  title = {Link formulation of lattice spin systems},
  author = {Batrouni, Ghassan G. and Halpern, M. B.},
  journal = {Phys. Rev. D},
  volume = {30},
  issue = {8},
  pages = {1775--1781},
  year = {1984},
  month = {Oct},
  doi = {10.1103/PhysRevD.30.1775},
  url = {http://link.aps.org/doi/10.1103/PhysRevD.30.1775},
  publisher = {American Physical Society}
}

@article{Orland:1979rh,
      author         = "Orland, Peter",
      title          = "{DUALITY FOR NONABELIAN LATTICE FIELDS}",
      journal        = "Nucl.Phys.",
      volume         = "B163",
      pages          = "275",
      doi            = "10.1016/0550-3213(80)90403-4",
      year           = "1980",
      reportNumber   = "SLAC-PUB-2368",
}

@article{PhysRevD.17.2637,
  title = {Order and disorder in gauge systems and magnets},
  author = {Fradkin, Eduardo and Susskind, Leonard},
  journal = {Phys. Rev. D},
  volume = {17},
  issue = {10},
  pages = {2637--2658},
  year = {1978},
  month = {May},
  doi = {10.1103/PhysRevD.17.2637},
  url = {http://link.aps.org/doi/10.1103/PhysRevD.17.2637},
  publisher = {American Physical Society}
}

@article{RevModPhys.52.453,
  title = {Duality in field theory and statistical systems},
  author = {Savit, Robert},
  journal = {Rev. Mod. Phys.},
  volume = {52},
  issue = {2},
  pages = {453--487},
  year = {1980},
  month = {Apr},
  doi = {10.1103/RevModPhys.52.453},
  url = {http://link.aps.org/doi/10.1103/RevModPhys.52.453},
  publisher = {American Physical Society}
}


@article{efrati13,
      author         = {Efi Efrati and Zhe Wang and Amy Kolan and Leo Kadanoff},
      title          = "{Real Space Renormalization in Statistical Mechanics}",
      year           = "2013",
      eprint         = "1301.6323",
      archivePrefix  = "arXiv",
      primaryClass   = "cond-mat",
}


@article{Meurice:2012qb,
      author         = "Meurice, Y.",
      title          = "{Remarks about Dyson's instability in the large-N limit}",
      year           = "2012",
      eprint         = "1203.2256",
      archivePrefix  = "arXiv",
      primaryClass   = "hep-th",
      reportNumber   = "NSF-KITP-12-027",
}





@Article{PTP.105.409,
  title = {Two-Dimensional Tensor Product Variational Formulation},
  author = {Tomotoshi Nishino and Yasuhiro Hieida and Kouichi Okunishi and Nobuya Maeshima and Yasuhiro Akutsu and Andrej Gendiar},
  journal = {Progress of Theoretical Physics},
  volume = {105},
  number = {3},
  pages = {409-417},
  numpages = {8},
  year = {2001},
  url = {http://ptp.ipap.jp/link?PTP/105/409/},
  doi = {10.1143/PTP.105.409},
  publisher = {Progress of Theoretical Physics}
}


@Article{JPSJ.64.3598,
  title = {Density Matrix Renormalization Group Method \\
for 2D Classical Models},
  author = {Tomotoshi Nishino},
  journal = {Journal of the Physical Society of Japan},
  volume = {64},
  number = {10},
  pages = {3598-3601},
  numpages = {3},
  year = {1995},
  url = {http://jpsj.ipap.jp/link?JPSJ/64/3598/},
  doi = {10.1143/JPSJ.64.3598},
  publisher = {The Physical Society of Japan}
}

@article{PhysRevB.79.085118,
  title = {Tensor-product representations for string-net condensed states},
  author = {Gu, Zheng-Cheng and Levin, Michael and Swingle, Brian and Wen, Xiao-Gang},
  journal = {Phys. Rev. B},
  volume = {79},
  issue = {8},
  pages = {085118},
  numpages = {10},
  year = {2009},
  month = {Feb},
  doi = {10.1103/PhysRevB.79.085118},
  url = {http://link.aps.org/doi/10.1103/PhysRevB.79.085118},
  publisher = {American Physical Society}
}


@article{Anishetty:1992xa,
      author = "Anishetty, Ramesh and Cheluvaraja, Srinath and
                Sharatchandra, H.S. and Mathur, Manu",
      title = "{Dual of three-dimensional pure SU(2) lattice gauge
              theory and the Ponzano-Regge model}",
      journal = "Phys.Lett.",
      volume = "B314",
      pages = "387-390",
      doi = "10.1016/0370-2693(93)91254-K",
      year = "1993",
      eprint = "hep-lat/9210024",
      archivePrefix = "arXiv",
      primaryClass = "hep-lat",
      reportNumber = "IMSC-92-41",
}

@book{Varshalovich:1988ye,
address={Singapore},
      author = "Varshalovich, D.A. and Moskalev, A.N. and Khersonsky,
                V.K.",
      title = "{Quantum Theory of Angular Momentum}",
      year = "1988",
      Publisher={World Scientific},
}

@book{BBbook,
  Address = { Singapore},
  Author = {B.A. Berg},
  Publisher = {World Scientific},
  Title = { Markov Chain Monte Carlo Simulations
                 and Their Statistical Analysis},
  Year = {2004}}



@article{Appelquist:2011dp,
      author         = "Appelquist, T. and Fleming, G.T. and Lin, M.F. and Neil,
                        E.T. and Schaich, D.A.",
      title          = "{Lattice Simulations and Infrared Conformality}",
      journal        = "Phys.Rev.",
      volume         = "D84",
      pages          = "054501",
      doi            = "10.1103/PhysRevD.84.054501",
      year           = "2011",
      eprint         = "1106.2148",
      archivePrefix  = "arXiv",
      primaryClass   = "hep-lat",
      reportNumber   = "FERMILAB-PUB-11-269-T",
}


@article{Deuzeman:2012ee,
      author         = "Deuzeman, Albert and Lombardo, Maria Paola and Nunes Da
                        Silva, Tiago and Pallante, Elisabetta",
      title          = "{The bulk transition of QCD with twelve flavors and the
                        role of improvement}",
      journal        = "Phys.Lett.",
      volume         = "B720",
      pages          = "358-365",
      doi            = "10.1016/j.physletb.2013.02.030",
      year           = "2013",
      eprint         = "1209.5720",
      archivePrefix  = "arXiv",
      primaryClass   = "hep-lat",
}

@article{Hasenfratz:2011xn,
      author         = "Hasenfratz, Anna",
      title          = "{Infrared fixed point of the 12-fermion SU(3) gauge model
                        based on 2-lattice MCRG matching}",
      journal        = "Phys.Rev.Lett.",
      volume         = "108",
      pages          = "061601",
      doi            = "10.1103/PhysRevLett.108.061601",
      year           = "2012",
      eprint         = "1106.5293",
      archivePrefix  = "arXiv",
      primaryClass   = "hep-lat",
}

@article{Cheng:2011ic,
      author         = "Cheng, Anqi and Hasenfratz, Anna and Schaich, David",
      title          = "{Novel phase in SU(3) lattice gauge theory with 12 light
                        fermions}",
      journal        = "Phys.Rev.",
      volume         = "D85",
      pages          = "094509",
      doi            = "10.1103/PhysRevD.85.094509",
      year           = "2012",
      eprint         = "1111.2317",
      archivePrefix  = "arXiv",
      primaryClass   = "hep-lat",
}

@article{Aoki:2012eq,
      author         = "Aoki, Yasumichi and Aoyama, Tatsumi and Kurachi, Masafumi
                        and Maskawa, Toshihide and Nagai, Kei-ichi and others",
      title          = "{Lattice study of conformality in twelve-flavor QCD}",
      journal        = "Phys.Rev.",
      volume         = "D86",
      pages          = "054506",
      doi            = "10.1103/PhysRevD.86.059903, 10.1103/PhysRevD.86.054506",
      year           = "2012",
      eprint         = "1207.3060",
      archivePrefix  = "arXiv",
      primaryClass   = "hep-lat",
      reportNumber   = "KEK-2012-18, KEK-PREPRINT-2012-18",
}

@note{judahprogress,author="Meurice, Y and Unmuth-Yockey, J", title="preprint in progress"}



@article{Martinelli:1980sr,
      author         = "Martinelli, G. and Parisi, G.",
      title          = "{A SYSTEMATICAL IMPROVEMENT OF THE MIGDAL RECURSION
                        FORMULA}",
      journal        = "Nucl.Phys.",
      volume         = "B180",
      pages          = "201",
      doi            = "10.1016/0550-3213(81)90415-6",
      year           = "1981",
      reportNumber   = "CERN-TH-2882",
}

@article{PhysRevD.86.025022,
  title = {Solving the 3D Ising model with the conformal bootstrap},
  author = {El-Showk, Sheer and Paulos, Miguel F. and Poland, David and Rychkov, Slava and Simmons-Duffin, David and Vichi, Alessandro},
  journal = {Phys. Rev. D},
  volume = {86},
  issue = {2},
  pages = {025022},
  numpages = {17},
  year = {2012},
  month = {Jul},
  doi = {10.1103/PhysRevD.86.025022},
  url = {http://link.aps.org/doi/10.1103/PhysRevD.86.025022},
  publisher = {American Physical Society}
}

@ARTICLE{cv,
   author = {{Cirac}, J.~I. and {Verstraete}, F.},
    title = "{Renormalization and tensor product states in spin chains and lattices}",
  journal = {Journal of Physics A Mathematical General},
archivePrefix = "arXiv",
   eprint = {0910.1130},
 primaryClass = "cond-mat.str-el",
     year = 2009,
    month = dec,
   volume = 42,
    pages = {4004},
      doi = {10.1088/1751-8113/42/50/504004},
   adsurl = {http://adsabs.harvard.edu/abs/2009JPhA...42X4004C},
  adsnote = {Provided by the SAO/NASA Astrophysics Data System}
}



@ARTICLE{vc,
   author = {{Verstraete}, F. and {Cirac}, J.~I.},
    title = "{Renormalization algorithms for Quantum-Many Body Systems in two and higher dimensions}",
  journal = {eprint arXiv:cond-mat/0407066},
   eprint = {arXiv:cond-mat/0407066},
 keywords = {Condensed Matter - Strongly Correlated Electrons, Quantum Physics},
     year = 2004,
    month = jul,
   adsurl = {http://adsabs.harvard.edu/abs/2004cond.mat..7066V},
  adsnote = {Provided by the SAO/NASA Astrophysics Data System}
}




@Article{uli,
     author    = "Schollwoeck, Ulrich",
     title     = "{The density-matrix renormalization group: a short introduction}",
     year      = "2011",
    journal ="Phil. Trans. R. Soc. A", 
     volume="369",  
     pages = "2643-2661",
}



@note{xiangprogress,author=" Denbleyker, A. and  Liu, Y and  Meurice, Y and Qin, M and  , T and Xie, Z and Yu, J", title="preprint in progress"}

@article{Kadanoff:1976jb,
      author         = "Kadanoff, L.P.",
      title          = "{Notes on Migdal's Recursion Formulas}",
      journal        = "Annals Phys.",
      volume         = "100",
      pages          = "359-394",
      doi            = "10.1016/0003-4916(76)90066-X",
      year           = "1976",
}

@article{Migdal:1975zg,
      author         = "Migdal, Alexander A.",
      title          = "{Recursion Equations in Gauge Theories}",
      journal        = "Sov.Phys.JETP",
      volume         = "42",
      pages          = "413",
      year           = "1975",
      reportNumber   = "PRINT-75-1043 (LANDAU-INST)",
}

@article{Migdal:1975zf,
      author         = "Migdal, Alexander A.",
      title          = "{Gauge Transitions in Gauge and Spin Lattice Systems}",
      journal        = "Sov.Phys.JETP",
      volume         = "42",
      pages          = "743",
      year           = "1975",
      reportNumber   = "PRINT-75-1042 (LANDAU-INST)",
}

@article{Meurice:2011wy,
      author         = "Meurice, Y. and Perry, R. and Tsai, S.-W.",
      title          = "{New applications of the renormalization group method in
                        physics -- a brief introduction}",
      journal        = "Phil.Trans.Roy.Soc.Lond.",
      volume         = "A369",
      pages          = "2602-2611",
      doi            = "10.1098/rsta.2011.0117",
      year           = "2011",
      eprint         = "1102.5717",
      archivePrefix  = "arXiv",
      primaryClass   = "hep-th",
      reportNumber   = "INT-PUB-11-006",
}



@article{PhysRevLett.99.120601,
  title = {Tensor Renormalization Group Approach to Two-Dimensional Classical Lattice Models},
  author = {Levin, Michael and Nave, Cody P.},
  journal = {Phys. Rev. Lett.},
  volume = {99},
  issue = {12},
  pages = {120601},
  numpages = {4},
  year = {2007},
  month = {Sep},
  doi = {10.1103/PhysRevLett.99.120601},
  url = {http://link.aps.org/doi/10.1103/PhysRevLett.99.120601},
  publisher = {American Physical Society}
}

@article{PhysRevB.38.745,
  title = {SU(2) gauge symmetry of the large-$U$ limit of the Hubbard model},
  author = {Affleck, Ian and Zou, Z. and Hsu, T. and Anderson, P. W.},
  journal = {Phys. Rev. B},
  volume = {38},
  issue = {1},
  pages = {745--747},
  year = {1988},
  month = {Jul},
  doi = {10.1103/PhysRevB.38.745},
  url = {http://link.aps.org/doi/10.1103/PhysRevB.38.745},
  publisher = {American Physical Society}
}

@article{RevModPhys.77.871,
  title = {\textit{Colloquium}      : Photons and electrons as emergent phenomena},
  author = {Levin, Michael and Wen, Xiao-Gang},
  journal = {Rev. Mod. Phys.},
  volume = {77},
  issue = {3},
  pages = {871--879},
  year = {2005},
  month = {Sep},
  doi = {10.1103/RevModPhys.77.871},
  url = {http://link.aps.org/doi/10.1103/RevModPhys.77.871},
  publisher = {American Physical Society}
}

@article{PhysRevB.81.174411,
  title = {Renormalization of tensor-network states},
  author = {Zhao, H. H. and Xie, Z. Y. and Chen, Q. N. and Wei, Z. C. and Cai, J. W. and Xiang, T.},
  journal = {Phys. Rev. B},
  volume = {81},
  issue = {17},
  pages = {174411},
  numpages = {17},
  year = {2010},
  month = {May},
  doi = {10.1103/PhysRevB.81.174411},
  url = {http://link.aps.org/doi/10.1103/PhysRevB.81.174411},
  publisher = {American Physical Society}
}

@unpublished{ng2012cs229,
  added-at = {2016-11-24T22:48:07.000+0100},
  author = {Ng, Andrew},
  biburl = {https://www.bibsonomy.org/bibtex/24abdb571b427805f7bff139dbab7da85/nosebrain},
  interhash = {1895c04e83b69104b04117b567babedd},
  intrahash = {4abdb571b427805f7bff139dbab7da85},
  keywords = {learning logistic regression supervised},
  url={\url{http://cs229.stanford.edu/notes/cs229-notes1.pdf}},
  timestamp = {2016-11-24T22:48:07.000+0100},
  title = {CS229 Lecture notes - Supervised learning},
  year = 2012
}

@article{lecun1995convolutional,
  title={Convolutional networks for images, speech, and time series},
  author={LeCun, Yann and Bengio, Yoshua and others},
  journal={The handbook of brain theory and neural networks},
  volume={3361},
  number={10},
  pages={1995},
  year={1995}
}

@article{2014arXiv1412.6806S,
 title={Striving for Simplicity: The All Convolutional Net},
  url={http://arxiv.org/abs/1412.6806},
 abstractNote={Most modern convolutional neural networks (CNNs) used for object
recognition are built using the same principles: Alternating convolution and
max-pooling layers followed by a small number of fully connected layers. We
re-evaluate the state of the art for object recognition from small images with
convolutional networks, questioning the necessity of different components in
the pipeline. We fnd that max-pooling can simply be replaced by a convolutional
layer with increased stride without loss in accuracy on several image
recognition benchmarks. Following this fnding – and building on other recent
work for ﬁnding simple network structures – we propose a new architecture that
consists solely of convolutional layers and yields competitive or state of the
art performance on several object recognition datasets (CIFAR-10, CIFAR-100,
ImageNet). To analyze the network we introduce a new variant of the
“deconvolution approach” for visualizing features learned by CNNs, which can be
applied to a broader range of network structures than existing approaches.},
  note={arXiv: 1412.6806},
 journal={arXiv:1412.6806 [cs]},
  author={Springenberg, Jost Tobias and Dosovitskiy, Alexey and Brox, Thomas
          and Riedmiller, Martin}, 
year={2014},
 month={Dec} 
}


@inproceedings{scherer2010evaluation,
  title={Evaluation of pooling operations in convolutional architectures for object recognition},
  author={Scherer, Dominik and M{\"u}ller, Andreas and Behnke, Sven},
  booktitle={International conference on artificial neural networks},
  pages={92--101},
  year={2010},
  organization={Springer}
}

@article{Ioffe_Szegedy_2015,
  title={Batch Normalization: Accelerating Deep Network Training by Reducing Internal Covariate Shift},
  url={http://arxiv.org/abs/1502.03167},
  abstractNote={Training Deep Neural Networks is complicated by the fact that
                the distribution of each layer’s inputs changes during
                training, as the parameters of the previous layers change. This
                slows down the training by requiring lower learning rates and
                careful parameter initialization, and makes it notoriously hard
                to train models with saturating nonlinearities. We refer to
                this phenomenon as internal covariate shift, and address the
                problem by normalizing layer inputs. Our method draws its
                strength from making normalization a part of the model
                architecture and performing the normalization for each training
                mini-batch. Batch Normalization allows us to use much higher
                learning rates and be less careful about initialization. It
                also acts as a regularizer, in some cases eliminating the need
                for Dropout. Applied to a state-of-the-art image classiﬁcation
                model, Batch Normalization achieves the same accuracy with 14
                times fewer training steps, and beats the original model by a
                signiﬁcant margin. Using an ensemble of batchnormalized
                networks, we improve upon the best published result on ImageNet
                classiﬁcation: reaching 4.9% top-5 validation error (and 4.8%
                test error), exceeding the accuracy of human raters.},
  note={arXiv: 1502.03167},
  journal={arXiv:1502.03167 [cs]},
  author={Ioffe, Sergey and Szegedy, Christian},
  year={2015},
  month={Feb}
}


@article{dinhRealNVP,
  title={Density estimation using Real NVP},
  url={http://arxiv.org/abs/1605.08803},
  abstractNote={Unsupervised learning of probabilistic models is a central yet
                challenging problem in machine learning. Speciﬁcally, designing
                models with tractable learning, sampling, inference and
                evaluation is crucial in solving this task. We extend the space
                of such models using real-valued non-volume preserving (real
                NVP) transformations, a set of powerful, stably invertible, and
                learnable transformations, resulting in an unsupervised
                learning algorithm with exact log-likelihood computation, exact
                and efﬁcient sampling, exact and efﬁcient inference of latent
                variables, and an interpretable latent space. We demonstrate
                its ability to model natural images on four datasets through
                sampling, log-likelihood evaluation, and latent variable
                manipulations.},
  note={arXiv: 1605.08803},
  journal={arXiv:1605.08803 [cs, stat]},
  author={Dinh, Laurent and Sohl-Dickstein, Jascha and Bengio, Samy},
  year={2016},
  month={May} 
}

@book{Bishop,
 place={New York},
 series={Information science and statistics},
 title={Pattern recognition and machine learning},
  ISBN={978-0-387-31073-2},
 publisher={Springer},
 author={Bishop, Christopher M.},
 year={2006},
 collection={Information science and statistics}
}


@ARTICLE{mcmc_for_dummies,
   author = {{Hanada}, M.},
    title = "{Markov Chain Monte Carlo for Dummies}",
  journal = {arXiv e-prints},
archivePrefix = "arXiv",
   eprint = {1808.08490},
 primaryClass = "hep-th",
 keywords = {High Energy Physics - Theory, Condensed Matter - Statistical Mechanics, High Energy Physics - Lattice},
     year = 2018,
    month = aug,
   adsurl = {https://ui.adsabs.harvard.edu/abs/2018arXiv180808490H},
  adsnote = {Provided by the SAO/NASA Astrophysics Data System}
}

@article{Hanada_2018,
  title={Markov Chain Monte Carlo for Dummies},
  url={http://arxiv.org/abs/1808.08490},
  abstractNote={This is an introductory article about Markov Chain Monte Carlo
                (MCMC) simulation for pedestrians. Actual simulation codes are
                provided, and necessary practical details, which are skipped in
                most textbooks, are shown. The second half is written for
                hep-th and hep-lat audience. It explains speciﬁc methods needed
                for simulations with dynamical fermions, especially
                supersymmetric Yang-Mills. The examples include QCD and matrix
                integral, in addition to SYM.},
  note={arXiv: 1808.08490},
  journal={arXiv:1808.08490 [cond-mat, physics:hep-lat, physics:hep-th]},
  author={Hanada, Masanori},
  year={2018}, month={Aug}
}

@article{Betancourt_2017,
  title={A Conceptual Introduction to Hamiltonian Monte Carlo},
  url={http://arxiv.org/abs/1701.02434},
  abstractNote={Hamiltonian Monte Carlo has proven a remarkable empirical
                success, but only recently have we begun to develop a rigorous
                understanding of why it performs so well on diﬃcult problems
                and how it is best applied in practice. Unfortunately, that
                understanding is conﬁned within the mathematics of diﬀerential
                geometry which has limited its dissemination, especially to the
                applied communities for which it is particularly important.},
  note={arXiv: 1701.02434},
  journal={arXiv:1701.02434 [stat]},
  author={Betancourt, Michael},
  year={2017}, 
  month={Jan}
}

@article{Neal_2012,
  title={MCMC using Hamiltonian dynamics},
  url={http://arxiv.org/abs/1206.1901},
	abstractNote={Hamiltonian dynamics can be used to produce distant proposals
		for the Metropolis algorithm, thereby avoiding the slow exploration of the
		state space that results from the diffusive behaviour of simple random-walk
		proposals. Though originating in physics, Hamiltonian dynamics can be applied
		to most problems with continuous state spaces by simply introducing
		fictitious “momentum” variables. A key to its usefulness is that
		Hamiltonian dynamics preserves volume, and its trajectories can thus be
		used to define complex mappings without the need to account for a
		hard-to-compute Jacobian factor - a property that can be exactly maintained
		even when the dynamics is approximated by discretizing time. In this
		review, I discuss theoretical and practical aspects of Hamiltonian Monte
		Carlo, and present some of its variations, including using windows of
		states for deciding on acceptance or rejection, computing trajectories
		using fast approximations, tempering during the course of a trajectory to
		handle isolated modes, and short-cut methods that prevent useless
		trajectories from taking much computation time.},
  note={arXiv: 1206.1901},
  journal={arXiv:1206.1901 [physics, stat]},
  author={Neal, Radford M.},
  year={2012},
  month={Jun} }




@ARTICLE{Betancourt2017ACI,
     author = {{Betancourt}, Michael},
      title = "{A Conceptual Introduction to Hamiltonian Monte Carlo}",
    journal = {arXiv e-prints},
   keywords = {Statistics - Methodology},
       year = "2017",
      month = "Jan",
        eid = {arXiv:1701.02434},
      pages = {arXiv:1701.02434},
archivePrefix = {arXiv},
     eprint = {1701.02434},
primaryClass = {stat.ME},
     adsurl = {https://ui-adsabs-harvard-edu.proxy.lib.uiowa.edu/abs/2017arXiv170102434B},
    adsnote = {Provided by the SAO/NASA Astrophysics Data System}
}

@misc{scribeno74:online,
author = {},
title = {scribe\_note\_lecture17.pdf},
howpublished = {\url{https://www.cs.cmu.edu/~epxing/Class/10708-14/scribe_notes/scribe_note_lecture17.pdf}},
month = {},
year = {},
note = {(Accessed on 06/18/2019)}
}

@inbook{Geyer_2011,
 title={Introduction to Markov Chain Monte Carlo},
 volume={20116022},
 ISBN={978-1-4200-7941-8},
 url={http://www.crcnetbase.com/doi/abs/10.1201/b10905-2},
 DOI={10.1201/b10905-2},
 booktitle={Handbook of Markov Chain Monte Carlo},
 publisher={Chapman and Hall/CRC},
 author={Geyer, Charles},
 editor={Brooks, Steve and Gelman, Andrew and Jones, Galin and Meng,
				 Xiao-LiEditors},
 year={2011},
 month={May} 
}

@misc{joeyl2hmc,
author = {},
title = {30 joeylitalien/l2hmc: ICLR 2018 Reproducibility Challenge:
         Generalizing Hamiltonian Monte Carlo with Neural Networks},
howpublished = {\url{https://joeylitalien.github.io/assets/reports/l2hmc.pdf}},
month = {},
year = {},
note = {(Accessed on 06/21/2019)}
}

@article{Mehta_high_bias_2019,
 title={A high-bias, low-variance introduction to Machine Learning for physicists},
 volume={810},
 ISSN={03701573},
 DOI={10.1016/j.physrep.2019.03.001},
 abstractNote={Machine Learning (ML) is one of the most exciting and dynamic
	areas of modern research and application. The purpose of this review is to
	provide an introduction to the core concepts and tools of machine learning in a
	manner easily understood and intuitive to physicists. The review begins by
	covering fundamental concepts in ML and modern statistics such as the
	bias-variance tradeoff, overfitting, regularization, generalization, and
	gradient descent before moving on to more advanced topics in both supervised
	and unsupervised learning. Topics covered in the review include ensemble
	models, deep learning and neural networks, clustering and data visualization,
	energy-based models (including MaxEnt models and Restricted Boltzmann
	Machines), and variational methods. Throughout, we emphasize the many natural
	connections between ML and statistical physics. A notable aspect of the review
	is the use of Python Jupyter notebooks to introduce modern ML/statistical
	packages to readers using physics-inspired datasets (the Ising Model and
	Monte-Carlo simulations of supersymmetric decays of proton-proton collisions).
	We conclude with an extended outlook discussing possible uses of machine
	learning for furthering our understanding of the physical world as well as open
	problems in ML where physicists may be able to contribute. (Notebooks are
	available at https://physics.bu.edu/~pankajm/MLnotebooks.html )}, note={arXiv:
	1803.08823},
 journal={Physics Reports},
 author={Mehta, Pankaj and Bukov, Marin
		and Wang, Ching-Hao and Day, Alexandre G. R. and Richardson, Clint and Fisher,
		Charles K. and Schwab, David J.},
 year={2019},
 month={May},
 pages={1–124}
}

@article{hinton_2006,
author = {Hinton, Geoffrey E. and Osindero, Simon and Teh, Yee-Whye},
title = {A Fast Learning Algorithm for Deep Belief Nets},
journal = {Neural Computation},
volume = {18},
number = {7},
pages = {1527-1554},
year = {2006}, 
doi = {10.1162/neco.2006.18.7.1527},
note ={PMID: 16764513},
URL = {\url{https://doi.org/10.1162/neco.2006.18.7.1527}},
eprint = {https://doi.org/10.1162/neco.2006.18.7.1527},
abstract = {We show how to use “complementary priors” to eliminate the
              explaining-away effects that make inference difficult in densely
              connected belief nets that have many hidden layers. Using
              complementary priors, we derive a fast, greedy algorithm that can
              learn deep, directed belief networks one layer at a time,
              provided the top two layers form an undirected associative
              memory. The fast, greedy algorithm is used to initialize a slower
              learning procedure that fine-tunes the weights using a
              contrastive version of the wake-sleep algorithm. After
              fine-tuning, a network with three hidden layers forms a very good
              generative model of the joint distribution of handwritten digit
              images and their labels. This generative model gives better digit
              classification than the best discriminative learning algorithms.
              The low-dimensional manifolds on which the digits lie are modeled
              by long ravines in the free-energy landscape of the top-level
              associative memory, and it is easy to explore these ravines by
              using the directed connections to display what the associative
              memory has in mind.}
}


@article{Zhang_1990,
 title={Parallel distributed processing model with local space-invariant
	interconnections and its optical architecture},
 volume={29},
 ISSN={0003-6935, 1539-4522},
 DOI={10.1364/AO.29.004790},
 number={32},
 journal={Applied Optics},
 author={Zhang, Wei and Itoh, Kazuyoshi and Tanida, Jun and Ichioka, Yoshiki},
 year={1990}, 
 month={Nov},
 pages={4790}
}

@article{Horikawa_1992,
 title={On fuzzy modeling using fuzzy neural networks with the back-propagation
	algorithm},
 volume={3},
 ISSN={10459227},
 DOI={10.1109/72.159069},
 number={5},
 journal={IEEE Transactions on Neural Networks},
 author={Horikawa, S.-i. and Furuhashi, T. and Uchikawa, Y.},
 year={1992},
 month={Sep},
 pages={801–806} }


@article{hinton_1986,
  Abstract = {We describe a new 
   learning procedure, back-propagation, for networks of neurone-like units.
   The procedure repeatedly adjusts the weights of the connections in the
   network so as to minimize a measure of the difference between the actual
   output vector of the net and the desired output vector. As a result of the
   weight adjustments, internal `hidden'units which are not part of the input
   or output come to represent important features of the task domain, and the
   regularities in the task are captured by the interactions of these units.
   The ability to create useful new features distinguishes back-propagation
   from earlier, simpler methods such as the perceptron-convergence
   procedure1.},
  Author = {Rumelhart, David E. and Hinton, Geoffrey E. and Williams, Ronald J.},
  Date = {1986/10/01},
  Date-Added = {2019-06-23 17:18:03 -0500}, 
  Date-Modified = {2019-06-23 17:18:03 -0500},
  Doi = {10.1038/323533a0},
  Id = {Rumelhart1986},
  Isbn = {1476-4687},
  Journal = {Nature},
  Number = {6088},
  Pages = {533--536},
  Title = {Learning representations by back-propagating errors},
  Ty = {JOUR},
  Url = {https://doi.org/10.1038/323533a0},
  Volume = {323},
  Year = {1986},
  Bdsk-Url-1 = {https://doi.org/10.1038/323533a0}
}


@article{Schmidhuber_2015,
 title={Deep Learning in Neural Networks: An Overview},
 volume={61},
 ISSN={08936080},
 DOI={10.1016/j.neunet.2014.09.003},
 abstractNote={In recent years, deep artifcial neural networks (including
	recurrent ones) have won numerous contests in pattern recognition
	and machine learning. This historical survey compactly summarises relevant
	work, much of it from the previous millennium. Shallow and deep learners are
	distinguished by the depth of their credit assignment paths, which are chains
	of possibly learnable, causal links between actions and effects. I review deep
	supervised learning (also recapitulating the history of backpropagation),
	unsupervised learning, reinforcement learning & evolutionary computation, and
	indirect search for short programs encoding deep and large networks.},
 note={arXiv: 1404.7828},
 journal={Neural Networks},
 author={Schmidhuber, Juergen},
 year={2015},
 month={Jan},
 pages={85–117} 
}

@article{Nielsen,
 title={Neural Networks and Deep Learning},
 author={Nielsen, Michael},
 url={\url{http://neuralnetworksanddeeplearning.com/}},
 year={2015},
 publisher={Determination Press},
 pages={224} 
}

