%% Created for yannick meurice at 2009-07-17 10:52:53 -0500 
@article{Shanahan:2018vcv,
      author         = "Shanahan, Phiala E. and Trewartha, Daniel and Detmold,
                        William",
      title          = "{Machine learning action parameters in lattice quantum
                        chromodynamics}",
      journal        = "Phys. Rev.",
      volume         = "D97",
      year           = "2018",
      number         = "9",
      pages          = "094506",
      doi            = "10.1103/PhysRevD.97.094506",
      eprint         = "1801.05784",
      archivePrefix  = "arXiv",
      primaryClass   = "hep-lat",
      reportNumber   = "MIT-CTP-4980, JLAB-THY-18-2627",
}

@ARTICLE{LiWang,
   author = {{Li}, S.-H. and {Wang}, L.},
    title = "{Neural Network Renormalization Group}",
  journal = {Physical Review Letters},
archivePrefix = "arXiv",
   eprint = {1802.02840},
 primaryClass = "cond-mat.stat-mech",
     year = 2018,
    month = dec,
   volume = 121,
   number = 26,
      eid = {260601},
    pages = {260601},
      doi = {10.1103/PhysRevLett.121.260601},
   adsurl = {https://ui.adsabs.harvard.edu/abs/2018PhRvL.121z0601L},
  adsnote = {Provided by the SAO/NASA Astrophysics Data System}
}

@article{Beny,
 title={Deep learning and the renormalization group},
 url={http://arxiv.org/abs/1301.3124},
 abstractNote={Renormalization group (RG) methods,
 which model the way in which the effective behavior of a system depends on the
scale at which it is observed, are key to modern condensed-matter theory and
particle physics. We compare the ideas behind the RG on the one hand and deep
machine learning on the other, where depth and scale play a similar role.  In
order to illustrate this connection, we review a recent numerical method based
on the RG—the multiscale entanglement renormalization ansatz (MERA)—and show
how it can be converted into a learning algorithm based on a generative
hierarchical Bayesian network model. Under the assumption—common in
physics—that the distribution to be learned is fully characterized by local
correlations, this algorithm involves only explicit evaluation of
probabilities, hence doing away with sampling.},
 note={arXiv: 1301.3124},
 journal={arXiv:1301.3124 [quant-ph]},
 author={Bény, Cédric},
 year={2013},
 month={Jan} 
}


@INPROCEEDINGS{LattProc,
   author = {{Foreman}, S. and {Giedt}, J. and {Meurice}, Y. and {Unmuth-Yockey}, J.
	},
    title = "{RG-inspired machine learning for lattice field theory}",
booktitle = {European Physical Journal Web of Conferences},
     year = 2018,
   series = {European Physical Journal Web of Conferences},
   volume = 175,
archivePrefix = "arXiv",
   eprint = {1710.02079},
 primaryClass = "hep-lat",
    month = mar,
      eid = {11025},
    pages = {11025},
      doi = {10.1051/epjconf/201817511025},
   adsurl = {https://ui.adsabs.harvard.edu/abs/2018EPJWC.17511025F},
  adsnote = {Provided by the SAO/NASA Astrophysics Data System}
}

@article{MehtaSchwab,
 title={An exact mapping between the Variational Renormalization Group and Deep
	Learning},
 url={http://arxiv.org/abs/1410.3831},
 abstractNote={Deep learning is a broad set of techniques that uses multiple
layers of representation to automatically learn relevant features directly from
structured data. Recently, such techniques have yielded record-breaking results
on a diverse set of difficult machine learning tasks in computer vision, speech
recognition, and natural language processing.  Despite the enormous success of
deep learning, relatively little is understood theoretically about why these
techniques are so successful at feature learning and compression.  Here, we
show that deep learning is intimately related to one of the most important and
successful techniques in theoretical physics, the renormalization group (RG).
RG is an iterative coarse-graining scheme that allows for the extraction of
relevant features (i.e. operators) as a physical system is examined at
different length scales. We construct an exact mapping from the variational
renormalization group, first introduced by Kadanoff, and deep learning
architectures based on Restricted Boltzmann Machines (RBMs). We illustrate
these ideas using the nearest-neighbor Ising Model in one and two-dimensions.
Our results suggests that deep learning algorithms may be employing a
generalized RG-like scheme to learn relevant features from data.},
 note={arXiv: 1410.3831},
 journal={arXiv:1410.3831 [cond-mat, stat]},
  author={Mehta, Pankaj and Schwab, David J.},
 year={2014},
 month={Oct} 
}

@Article{BraddeBialek,
  author="Bradde, Serena and Bialek, William",
  title="PCA Meets RG",
  journal="Journal of Statistical Physics",
  year="2017",
  month="May",
  day="01",
  volume="167",
  number="3",
  pages="462--475",
  abstract="A system with many degrees of freedom can be characterized by a covariance matrix; principal components analysis focuses on the eigenvalues of this matrix, hoping to find a lower dimensional description. But when the spectrum is nearly continuous, any distinction between components that we keep and those that we ignore becomes arbitrary; it then is natural to ask what happens as we vary this arbitrary cutoff. We argue that this problem is analogous to the momentum shell renormalization group. Following this analogy, we can define relevant and irrelevant operators, where the role of dimensionality is played by properties of the eigenvalue density. These results also suggest an approach to the analysis of real data. As an example, we study neural activity in the vertebrate retina as it responds to naturalistic movies, and find evidence of behavior controlled by a nontrivial fixed point. Applied to financial data, our analysis separates modes dominated by sampling noise from a smaller but still macroscopic number of modes described by a non-Gaussian distribution.",
  issn="1572-9613",
  doi="10.1007/s10955-017-1770-6",
  url="https://doi.org/10.1007/s10955-017-1770-6"
}

@article{PhysRevD.83.105014,
  title = {Reconstruction of signals with unknown spectra in information field theory with parameter uncertainty},
  author = {En\ss{}lin, Torsten A. and Frommert, Mona},
  journal = {Phys. Rev. D},
  volume = {83},
  issue = {10},
  pages = {105014},
  numpages = {20},
  year = {2011},
  month = {May},
  publisher = {American Physical Society},
  doi = {10.1103/PhysRevD.83.105014},
  url = {https://link.aps.org/doi/10.1103/PhysRevD.83.105014}
}


@article{PhysRevB.94.195105,
  title = {Discovering phase transitions with unsupervised learning},
  author = {Wang, Lei},
  journal = {Phys. Rev. B},
  volume = {94},
  issue = {19},
  pages = {195105},
  numpages = {5},
  year = {2016},
  month = {Nov},
  publisher = {American Physical Society},
  doi = {10.1103/PhysRevB.94.195105},
  url = {https://link.aps.org/doi/10.1103/PhysRevB.94.195105}
}

@article{foreman2017,
 title={RG-inspired machine learning for lattice field theory},
  volume={175},
 ISSN={2100-014X},
 DOI={10.1051/epjconf/201817511025},
 abstractNote={Machine learning has been a fast growing ﬁeld of research in
                several areas dealing with large datasets. We report recent
                attempts to use renormalization group (RG) ideas in the context
                of machine learning. We examine coarse graining procedures for
                perceptron models designed to identify the digits of the MNIST
                data. We discuss the correspondence between principal
                components analysis (PCA) and RG ﬂows across the transition for
                worm conﬁgurations of the 2D Ising model. Preliminary results
                regarding the logarithmic divergence of the leading PCA
                eigenvalue were presented at the conference. More generally, we
                discuss the relationship between PCA and observables in Monte
                Carlo simulations and the possibility of reducing the number of
                learning parameters in supervised learning based on RG inspired
                hierarchical ansatzes.},
 journal={EPJ Web of Conferences},
 author={Foreman, Sam and Giedt, Joel and Meurice, Yannick and Unmuth-Yockey,
		Judah},
 editor={Della Morte, M. and Fritzsch, P. and Gámiz Sánchez, E. and Pena Ruano,
	 C.Editors},
 year={2018},
 pages={11025} 
}

@article{PhysRev.185.832,
  title = {Bounded and Inhomogeneous Ising Models. I. Specific-Heat Anomaly of a Finite Lattice},
  author = {Ferdinand, Arthur E. and Fisher, Michael E.},
  journal = {Phys. Rev.},
  volume = {185},
  issue = {2},
  pages = {832--846},
  numpages = {0},
  year = {1969},
  month = {Sep},
  publisher = {American Physical Society},
  doi = {10.1103/PhysRev.185.832},
  url = {https://link.aps.org/doi/10.1103/PhysRev.185.832}
}

@article{bkaufman,
  title = {Crystal Statistics. II. Partition Function Evaluated by Spinor Analysis},
  author = {Kaufman, Bruria},
  journal = {Phys. Rev.},
  volume = {76},
  issue = {8},
  pages = {1232--1243},
  numpages = {0},
  year = {1949},
  month = {Oct},
  publisher = {American Physical Society},
  doi = {10.1103/PhysRev.76.1232},
  url = {https://link.aps.org/doi/10.1103/PhysRev.76.1232}
}

@article{Swendsen:1987ce,
      author         = "Swendsen, Robert H. and Wang, Jian-Sheng",
      title          = "{Nonuniversal critical dynamics in Monte Carlo
                        simulations}",
      journal        = "Phys. Rev. Lett.",
      volume         = "58",
      year           = "1987",
      pages          = "86-88",
      doi            = "10.1103/PhysRevLett.58.86",
}

@article{prok87,
  title = {Worm Algorithms for Classical Statistical Models},
  author = {Prokof'ev, Nikolay and Svistunov, Boris},
  journal = {Phys. Rev. Lett.},
  volume = {87},
  issue = {16},
  pages = {160601},
  numpages = {4},
  year = {2001},
  month = {Sep},
  publisher = {American Physical Society},
  doi = {10.1103/PhysRevLett.87.160601},
  url = {https://link.aps.org/doi/10.1103/PhysRevLett.87.160601}
}

@article{Liu:2013nsa,
      author         = "Liu, Yuzhi and Meurice, Y. and Qin, M. P. and
                        Unmuth-Yockey, J. and Xiang, T. and Xie, Z. Y. and Yu, J.
                        F. and Zou, Haiyuan",
      title          = "{Exact blocking formulas for spin and gauge models}",
      journal        = "Phys. Rev.",
      volume         = "D88",
      year           = "2013",
      pages          = "056005",
      doi            = "10.1103/PhysRevD.88.056005",
      eprint         = "1307.6543",
      archivePrefix  = "arXiv",
      primaryClass   = "hep-lat",
      reportNumber   = "{FERMILAB-PUB-13-280-T, FERMILAB-PUB-13-280-T}",
}


@ARTICLE{2017NatPh..13..431C,
   author = {{Carrasquilla}, J. and {Melko}, R.~G.},
    title = "{Machine learning phases of matter}",
  journal = {Nature Physics},
archivePrefix = "arXiv",
   eprint = {1605.01735},
 primaryClass = "cond-mat.str-el",
     year = 2017,
    month = feb,
   volume = 13,
    pages = {431-434},
      doi = {10.1038/nphys4035},
   adsurl = {http://adsabs.harvard.edu/abs/2017NatPh..13..431C},
  adsnote = {Provided by the SAO/NASA Astrophysics Data System}
}

@ARTICLE{2017PhRvE..95f2122H,
   author = {{Hu}, W. and {Singh}, R.~R.~P. and {Scalettar}, R.~T.},
    title = "{Discovering phases, phase transitions, and crossovers through unsupervised machine learning: A critical examination}",
  journal = {Phys. Rev. E},
archivePrefix = "arXiv",
   eprint = {1704.00080},
 primaryClass = "cond-mat.stat-mech",
     year = 2017,
    month = jun,
   volume = 95,
   number = 6,
      eid = {062122},
    pages = {062122},
      doi = {10.1103/PhysRevE.95.062122},
   adsurl = {http://adsabs.harvard.edu/abs/2017PhRvE..95f2122H},
  adsnote = {Provided by the SAO/NASA Astrophysics Data System}
}

@article{ploopreview,
      author         = "Fukushima, Kenji and Skokov, Vladimir",
      title          = "{Polyakov loop modeling for hot QCD}",
      journal        = "Prog. Part. Nucl. Phys.",
      volume         = "96",
      year           = "2017",
      pages          = "154-199",
      doi            = "10.1016/j.ppnp.2017.05.002",
      eprint         = "1705.00718",
      archivePrefix  = "arXiv",
      primaryClass   = "hep-ph",
}

@article{pra96,
      author         = "Unmuth-Yockey, J. and Zhang, Jin and Preiss, P. M. and
                        Yang, Li-Ping and Tsai, S. -W. and Meurice, Y.",
      title          = "{Probing the conformal Calabrese-Cardy scaling with cold
                        atoms}",
      journal        = "Phys. Rev.",
      volume         = "A96",
      year           = "2017",
      number         = "2",
      pages          = "023603",
      doi            = "10.1103/PhysRevA.96.023603",
      eprint         = "1611.05016",
      archivePrefix  = "arXiv",
      primaryClass   = "cond-mat.quant-gas",
}
@article{prd96,
      author         = "Bazavov, A. and Meurice, Y. and Tsai, S. -W. and
                        Unmuth-Yockey, J. and Yang, Li-Ping and Zhang, Jin",
      title          = "{Estimating the central charge from the Rényi
                        entanglement entropy}",
      journal        = "Phys. Rev.",
      volume         = "D96",
      year           = "2017",
      number         = "3",
      pages          = "034514",
      doi            = "10.1103/PhysRevD.96.034514",
      eprint         = "1703.10577",
      archivePrefix  = "arXiv",
      primaryClass   = "hep-lat",
}
@article{Klco:2018kyo,
      author         = "Klco, N. and Dumitrescu, E. F. and McCaskey, A. J. and
                        Morris, T. D. and Pooser, R. C. and Sanz, M. and Solano,
                        E. and Lougovski, P. and Savage, M. J.",
      title          = "{Quantum-Classical Computations of Schwinger Model
                        Dynamics using Quantum Computers}",
      year           = "2018",
      eprint         = "1803.03326",
      archivePrefix  = "arXiv",
      primaryClass   = "quant-ph",
      reportNumber   = "INT-PUB-18-013, INT-PUB-18-013",
}

@article{Vaidya:2018fp,
author = {Vaidya, Varun D and Guo, Yudan and Kroeze, Ronen M and Ballantine, Kyle E and Koll{\'a}r, Alicia J and Keeling, Jonathan and Lev, Benjamin L},
title = {{Tunable-Range, Photon-Mediated Atomic Interactions in Multimode Cavity QED}},
journal = {Phys. Rev. X},
year = {2018},
volume = {8},
number = {1},
pages = {011002},
month = jan
}
@book{pdual,
  title={Topological Groups},
  author={Pontryagin, L.},
  year={1939},
  publisher={Princeton}
}
@misc{SI,
	note = {{see Supplemental Material}}
}
@article{Santra2017,
	title = {Measuring finite-range phase coherence in an optical lattice using {Talbot} interferometry},
	volume = {8},
	doi = {10.1038/ncomms15601},
	journal = {Nat. Commun.},
	author = {Santra, Bodhaditya and Baals, Christian and Labouvie, Ralf and Bhattacherjee, Aranya B. and Pelster, Axel and Ott, Herwig},
	year = {2017},
	pages = {15601},
}
@article{Gross2017,
  title = {Quantum Simulations with Ultracold Atoms in Optical Lattices},
  volume = {357},
  doi = {10.1126/science.aal3837},
  number = {6355},
  journal = {Science},
  author = {Gross, Christian and Bloch, Immanuel},
  year = {2017},
  pages = {995-1001},
}

@article{Bloch2008,
  title = {Many-body physics with ultracold gases},
  volume = {80},
  doi = {10.1103/RevModPhys.80.885},
  number = {3},
  journal = {Rev. Mod. Phys.},
  author = {Bloch, Immanuel and Dalibard, Jean and Zwerger, Wilhelm},
  year = {2008},
  pages = {885-964}
}

@article{Bloch2012,
  title = {Quantum simulations with ultracold quantum gases},
  volume = {8},
  doi = {10.1038/nphys2259},
  number = {4},
  journal = {Nat. Phys.},
  author = {Bloch, Immanuel and Dalibard, Jean and Nascimbène, Sylvain},
  year = {2012},
  pages = {267-276},
}
@article{Blatt2012,
  title = {Quantum simulations with trapped ions},
  volume = {8},
  doi = {10.1038/nphys2252},
  number = {4},
  journal = {Nat. Phys.},
  author = {Blatt, R. and Roos, C. F.},
  year = {2012},
  pages = {277-284},
}
@article{Islam2013a,
  title = {Emergence and Frustration of Magnetism with Variable-Range Interactions in a Quantum Simulator},
  volume = {340},
  doi = {10.1126/science.1232296},
  number = {6132},
  journal = {Science},
  author = {Islam, R. and Senko, C. and Campbell, W. C. and Korenblit, S. and Smith, J. and Lee, A. and Edwards, E. E. and Wang, C.-C. J. and Freericks, J. K. and Monroe, C.},
  year = {2013},
  pages = {583-587},
}
@article{Simon2011,
  title = {Quantum simulation of antiferromagnetic spin chains in an optical lattice},
  volume = {472},
  doi = {10.1038/nature09994},
  number = {7343},
  journal = {Nature},
  author = {Simon, Jonathan and Bakr, Waseem S. and Ma, Ruichao and Tai, M. Eric and Preiss, Philipp M. and Greiner, Markus},
  year = {2011},
  pages = {307-312}
}
@article{Endres2013a,
  title = {Single-site- and single-atom-resolved measurement of correlation functions},
  volume = {113},
  *doi = {10.1007/s00340-013-5552-9},
  number = {1},
  journal = {Appl. Phys. B},
  author = {Endres, M. and Cheneau, M. and Fukuhara, T. and Weitenberg, C. and Schau{\ss}, P. and Gross, C. and Mazza, L. and Ba\~{n}uls, M. C. and Pollet, L. and Bloch, I. and Kuhr, S.},
  year = {2013},
  pages = {27-39}
}

@article{Bijnen2015,
  title = {Quantum Magnetism and Topological Ordering via Rydberg Dressing near F\"orster Resonances},
  volume = {114},
  *doi = {10.1103/PhysRevLett.114.243002},
  number = {24},
  journal = {Phys. Rev. Lett.},
  author = {Bijnen, R. M. W. van and Pohl, T.},
  year = {2015},
  pages = {243002}
}

@article{Weitenberg2011a,
  title = {Single-spin addressing in an atomic Mott insulator},
  volume = {471},
  copyright = {© 2011 Nature Publishing Group, a division of Macmillan Publishers Limited. All Rights Reserved.},
  doi = {10.1038/nature09827},
  number = {7338},
  journal = {Nature},
  author = {Weitenberg, Christof and Endres, Manuel and Sherson, Jacob F. and Cheneau, Marc and Schau{\ss}, Peter and Fukuhara, Takeshi and Bloch, Immanuel and Kuhr, Stefan},
  year = {2011},
  pages = {319-324}
}

@article{Fukuhara2013,
  title = {Quantum dynamics of a mobile spin impurity},
  volume = {9},
  doi = {10.1038/nphys2561},
  number = {4},
  journal = {Nat. Phys.},
  author = {Fukuhara, Takeshi and Kantian, Adrian and Endres, Manuel and Cheneau, Marc and Schau{\ss}, Peter and Hild, Sebastian and Bellem, David and Schollw\"ock, Ulrich and Giamarchi, Thierry and Gross, Christian and Bloch, Immanuel and Kuhr, Stefan},
  year = {2013},
  pages = {235-241}
}


@article{Pupillo2010,
  title = {Strongly Correlated Gases of Rydberg-Dressed Atoms: Quantum and Classical Dynamics},
  volume = {104},
  doi = {10.1103/PhysRevLett.104.223002},
  number = {22},
  journal = {Phys. Rev. Lett.},
  author = {Pupillo, G. and Micheli, A. and Boninsegni, M. and Lesanovsky, I. and Zoller, P.},
  year = {2010},
  pages = {223002}
}
@article{Henkel2010,
  title = {Three-Dimensional Roton Excitations and Supersolid Formation in Rydberg-Excited Bose-Einstein Condensates},
  volume = {104},
  doi = {10.1103/PhysRevLett.104.195302},
  number = {19},
  journal = {Phys. Rev. Lett.},
  author = {Henkel, N. and Nath, R. and Pohl, T.},
  year = {2010},
  pages = {195302}
}

@article{Zeiher2016,
  title = {Many-body interferometry of a Rydberg-dressed spin lattice},
  volume = {12},
  copyright = {© 2016 Nature Publishing Group},
  doi = {10.1038/nphys3835},
  number = {12},
  journal = {Nat. Phys.},
  author = {Zeiher, Johannes and van Bijnen, Rick and Schau{\ss}, Peter and Hild, Sebastian and Choi, Jae-yoon and Pohl, Thomas and Bloch, Immanuel and Gross, Christian},
  year = {2016},
  pages = {1095-1099}
}

@article{schollwock2011density,
  title={The density-matrix renormalization group in the age of matrix product states},
  author={Schollw{\"o}ck, Ulrich},
  journal={Ann. Phys.},
  volume={326},
  number={1},
  pages={96--192},
  year={2011},
  publisher={Elsevier}
}


@article{pfeuty1970one,
  title={The one-dimensional Ising model with a transverse field},
  author={Pfeuty, Pierre},
  journal={Ann. Phys.},
  volume={57},
  number={1},
  pages={79--90},
  year={1970},
  publisher={Elsevier}
}% !TEX root =  

@article{Kasamatsu2013,
  title = {Atomic Quantum Simulation of the Lattice Gauge-Higgs Model: Higgs Couplings and Emergence of Exact Local Gauge Symmetry},
  author = {Kasamatsu, Kenichi and Ichinose, Ikuo and Matsui, Tetsuo},
  journal = {Phys. Rev. Lett.},
  volume = {111},
  issue = {11},
  pages = {115303},
  numpages = {5},
  year = {2013},
  month = {Sep},
  publisher = {American Physical Society},
  doi = {10.1103/PhysRevLett.111.115303},
  url = {https://link.aps.org/doi/10.1103/PhysRevLett.111.115303}
}



@ARTICLE{zeiher17,
   author = {{Zeiher}, J. and {Choi}, J.-y. and {Rubio-Abadal}, A. and {Pohl}, T. and 
	{van Bijnen}, R. and {Bloch}, I. and {Gross}, C.},
    title = "{Coherent many-body spin dynamics in a long-range interacting Ising chain}",
  journal = {Phys. Rev. X},
  volume = 7,
  pages = "041063",
 keywords = {Physics - Atomic Physics, Condensed Matter - Quantum Gases, Quantum Physics},
     year = 2017,
    month = may,
   adsurl = {http://adsabs.harvard.edu/abs/2017arXiv170508372Z},
  adsnote = {Provided by the SAO/NASA Astrophysics Data System}
}

@article{martinez2016real,
  title={Real-time dynamics of lattice gauge theories with a few-qubit quantum computer},
  author={Martinez, Esteban A and Muschik, Christine A and Schindler, Philipp and Nigg, Daniel and Erhard, Alexander and Heyl, Markus and Hauke, Philipp and Dalmonte, Marcello and Monz, Thomas and Zoller, Peter and others},
  journal={Nature},
  volume={534},
  number={7608},
  pages={516--519},
  year={2016},
  publisher={Nature Research}
}


@article{Kasper:2016mzj,
      author         = "Kasper, V. and Hebenstreit, F. and Jendrzejewski, F. and
                        Oberthaler, M. K. and Berges, J.",
      title          = "{Implementing quantum electrodynamics with ultracold
                        atomic systems}",
      journal        = "New J. Phys.",
      volume         = "19",
      year           = "2017",
      number         = "2",
      pages          = "023030",
      doi            = "10.1088/1367-2630/aa54e0",
}

@article{kuno2015real,
  title={Real-time dynamics and proposal for feasible experiments of lattice gauge--Higgs model simulated by cold atoms},
  author={Kuno, Yoshihito and Kasamatsu, Kenichi and Takahashi, Yoshiro and Ichinose, Ikuo and Matsui, Tetsuo},
  journal={New J. Phys.},
  volume={17},
  number={6},
  pages={063005},
  year={2015},
  publisher={IOP Publishing}
}

@article{kuno2017quantum,
  title={Quantum simulation of (1+ 1)-dimensional U (1) gauge-Higgs model on a lattice by cold Bose gases},
  author={Kuno, Yoshihito and Sakane, Shinya and Kasamatsu, Kenichi and Ichinose, Ikuo and Matsui, Tetsuo},
  journal={Phys. Rev. D},
  volume={95},
  number={9},
  pages={094507},
  year={2017},
  publisher={APS}
}

@misc{king18,
   author = {{King}, A.~D. and {Carrasquilla}, J. and {Ozfidan}, I. and {Raymond}, J. and 
	{Andriyash}, E. and {Berkley}, A. and {Reis}, M. and {Lanting}, T.~M. and 
	{Harris}, R. and {Poulin-Lamarre}, G. and {Smirnov}, A.~Y. and 
	{Rich}, C. and {Altomare}, F. and {Bunyk}, P. and {Whittaker}, J. and 
	{Swenson}, L. and {Hoskinson}, E. and {Sato}, Y. and {Volkmann}, M. and 
	{Ladizinsky}, E. and {Johnson}, M. and {Hilton}, J. and {Amin}, M.~H.
	},
    title = {Observation of topological phenomena in a programmable lattice of 1,800 qubits},
    Note = {{a}rxiv:1803.02047v1 }
}


@article{Cuadra2017,
author={Daniel Gonzalez-Cuadra and Erez Zohar and J Ignacio Cirac},
title={Quantum simulation of the Abelian-Higgs lattice gauge theory with ultracold atoms},
journal={New J. Phys.},
volume=19,
pages={063038},
year=2017
}

@article{edwards2010quantum,
  title={Quantum simulation and phase diagram of the transverse-field Ising model with three atomic spins},
  author={Edwards, EE and Korenblit, S and Kim, K and Islam, R and Chang, M-S and Freericks, JK and Lin, G-D and Duan, L-M and Monroe, C},
  journal={Phys. Rev. B},
  volume={82},
  number={6},
  pages={060412},
  year={2010},
  publisher={APS}
}

@article{Islam2011,
author={Islam, R. and Edwards, E. E. and Kim, K. and Korenblit, S. and Noh, C. and Carmichael, H. and Lin, G. -D. and Duan, L. -M. and Joseph Wang, C. -C. and Freericks, J. K. and Monroe, C.},
title={Onset of a quantum phase transition with a trapped ion quantum simulator},
journal={Nature Comm.},
volume=2,
pages={377},
year=2011}

@article{Kim2011,
author={K Kim and S Korenblit and R Islam and E E Edwards and M-S Chang and C Noh and H Carmichael and G-D Lin and L-M Duan and C C Joseph Wang and J K Freericks and C Monroe},
title={Quantum simulation of the transverse {I}sing model with trapped ions},
journal =  {New J. Phys.},
volume=13,
pages={105003},
year=2011}

@article{Zhang2017,
author={Zhang, J. and Pagano, G. and Hess, P. W. and Kyprianidis, A. and Becker, P. and Kaplan, H. and Gorshkov, A. V. and Gong, Z. -X. and Monroe, C.},
title={Observation of a many-body dynamical phase transition with a 53-qubit quantum simulator},
journal={Nature},
year=2017,
volume={551},
pages={601}
}

@misc{jz, Author={Zeiher, J.}, note = {private communication}}
@misc{gadway, Author={Gadway, B.}, note={{t}alk given at the NPQI meeting, Argonne, March 29, 2018}}
@misc{prdprogress,
Author={Unmuth-Yockey, J and Zhang, Jin? and Bazavov, A. and Meurice, Y and Tsai, S.-W.},
  title={Universal features of the {P}olyakov loop in the {A}belian {H}iggs model}, 
  Note = {{p}reprint in preparation}}
 % Author = {Unmuth-Yockey, J., and Zhang, Jin, and Bazavov, A., and Meurice, Y., and Tsai, S.-W.},


@article{PhysRevB.92.174507,
  title = {Realizing dipolar spin models with arrays of superconducting qubits},
  author = {Dalmonte, M. and Mirzaei, S. I. and Muppalla, P. R. and Marcos, D. and Zoller, P. and Kirchmair, G.},
  journal = {Phys. Rev. B},
  volume = {92},
  issue = {17},
  pages = {174507},
  numpages = {12},
  year = {2015},
  month = {Nov},
  publisher = {American Physical Society},
  doi = {10.1103/PhysRevB.92.174507},
  url = {https://link.aps.org/doi/10.1103/PhysRevB.92.174507}
}

@article{Martinez:2016yna,
      author         = "Martinez, E. A. and others",
      title          = "{Real-time dynamics of lattice gauge theories with a
                        few-qubit quantum computer}",
      journal        = "Nature",
      volume         = "534",
      year           = "2016",
      pages          = "516-519",
      doi            = "10.1038/nature18318",
      eprint         = "1605.04570",
      archivePrefix  = "arXiv",
      primaryClass   = "quant-ph",
}



@article{Kl11,
      author         = "Klebanov, Igor R. and Pufu, Silviu S. and Sachdev, Subir
                        and Safdi, Benjamin R.",
      title          = "{Entanglement Entropy of 3-d Conformal Gauge Theories
                        with Many Flavors}",
      journal        = "JHEP",
      volume         = "05",
      year           = "2012",
      pages          = "036",
      doi            = "10.1007/JHEP05(2012)036",
      eprint         = "1112.5342",
      archivePrefix  = "arXiv",
      primaryClass   = "hep-th",
}

@article{drut15,
  title = {Hybrid Monte Carlo approach to the entanglement entropy of interacting fermions},
  author = {Drut, Joaqu\'{\i}n E. and Porter, William J.},
  journal = {Phys. Rev. B},
  volume = {92},
  issue = {12},
  pages = {125126},
  numpages = {8},
  year = {2015},
  month = {Sep},
  publisher = {American Physical Society},
  doi = {10.1103/PhysRevB.92.125126},
  url = {http://link.aps.org/doi/10.1103/PhysRevB.92.125126}
}


@article{PhysRevB.88.155103,
  title = {Entropy perspective on the thermal crossover in a fermionic Hubbard chain},
  author = {Bonnes, Lars and Pichler, Hannes and L\"auchli, Andreas M.},
  journal = {Phys. Rev. B},
  volume = {88},
  issue = {15},
  pages = {155103},
  numpages = {8},
  year = {2013},
  month = {Oct},
  publisher = {American Physical Society},
  doi = {10.1103/PhysRevB.88.155103},
  url = {http://link.aps.org/doi/10.1103/PhysRevB.88.155103}
}

@article{Trotzky2012,
  title = {Probing the relaxation towards equilibrium in an isolated strongly correlated one-dimensional Bose gas},
  author = {Trotzky, S. and Chen, Y-A. and McCulloch, I. P. and Schollw\"{o}ck,U. and Eisert, J. and Bloch, I.},
  journal = {Nat. Phys.},
  volume = {8},
  pages = {325-330},
  year = {2012},
  url = {http://www.nature.com/nphys/journal/v11/n2/abs/nphys3215.html}
}


@article{korepin04,
  title = {Universality of Entropy Scaling in One Dimensional Gapless Models},
  author = {Korepin, V. E.},
  journal = {Phys. Rev. Lett.},
  volume = {92},
  issue = {9},
  pages = {096402},
  numpages = {3},
  year = {2004},
  month = {Mar},
  publisher = {American Physical Society},
  doi = {10.1103/PhysRevLett.92.096402},
  url = {http://link.aps.org/doi/10.1103/PhysRevLett.92.096402}
}


@article{PhysRevB.88.235117,
  title = {Sudden expansion of Mott insulators in one dimension},
  author = {Vidmar, L. and Langer, S. and McCulloch, I. P. and Schneider, U. and Schollw\"ock, U. and Heidrich-Meisner, F.},
  journal = {Phys. Rev. B},
  volume = {88},
  issue = {23},
  pages = {235117},
  numpages = {16},
  year = {2013},
  month = {Dec},
  publisher = {American Physical Society},
  doi = {10.1103/PhysRevB.88.235117},
  url = {http://link.aps.org/doi/10.1103/PhysRevB.88.235117}
}


@article{Laflamme:2015wma,
      author         = "Laflamme, C. and Evans, W. and Dalmonte, M. and Gerber,
                        U. and Mej??a-D??az, H. and Bietenholz, W. and Wiese, U.
                        -J. and Zoller, P.",
      title          = "{$\mathbb{C}$P(N???1) quantum field theories with
                        alkaline-earth atoms in optical lattices}",
      journal        = "Annals Phys.",
      volume         = "370",
      year           = "2016",
      pages          = "117-127",
      doi            = "10.1016/j.aop.2016.03.012",
      eprint         = "1507.06788",
      archivePrefix  = "arXiv",
      primaryClass   = "quant-ph",
}

@ARTICLE{chinscale,
   author = {{Hung}, C.-L. and {Zhang}, X. and {Gemelke}, N. and {Chin}, C.
	},
    title = "{Observation of scale invariance and universality in two-dimensional Bose gases}",
  journal = {\nat},
archivePrefix = "arXiv",
   eprint = {1009.0016},
 primaryClass = "cond-mat.quant-gas",
     year = 2011,
    month = feb,
   volume = 470,
    pages = {236-239},
      doi = {10.1038/nature09722},
   adsurl = {http://adsabs.harvard.edu/abs/2011Natur.470..236H},
  adsnote = {Provided by the SAO/NASA Astrophysics Data System}
}



@article{buisu2,
      author         = "Buividovich, P. V. and Polikarpov, M. I.",
      title          = "{Numerical study of entanglement entropy in SU(2) lattice
                        gauge theory}",
      journal        = "Nucl. Phys.",
      volume         = "B802",
      year           = "2008",
      pages          = "458-474",
      doi            = "10.1016/j.nuclphysb.2008.04.024",
      eprint         = "0802.4247",
      archivePrefix  = "arXiv",
      primaryClass   = "hep-lat",
      reportNumber   = "ITEP-LAT-2008-07",
}

@article{falko3,
      author         = "Bruckmann, Falk and Gattringer, Christof and Kloiber,
                        Thomas and Sulejmanpasic, Tin",
      title          = "{The two-dimensional O(3) model at nonzero density: from
                        dual lattice simulations to repulsive bosons}",
      year           = "2016",
      eprint         = "1607.02457",
      archivePrefix  = "arXiv",
      primaryClass   = "hep-lat",
}

@ARTICLE{twinfermions,
   author = {{Pichler}, H. and {Bonnes}, L. and {Daley}, A.~J. and {L{\"a}uchli}, A.~M. and 
	{Zoller}, P.},
    title = "{Thermal versus entanglement entropy: a measurement protocol for fermionic atoms with a quantum gas microscope}",
  journal = {New Journal of Physics},
archivePrefix = "arXiv",
   eprint = {1302.1187},
 primaryClass = "cond-mat.quant-gas",
     year = 2013,
    month = jun,
   volume = 15,
   number = 6,
      eid = {063003},
    pages = {063003},
      doi = {10.1088/1367-2630/15/6/063003},
   adsurl = {http://adsabs.harvard.edu/abs/2013NJPh...15f3003P},
  adsnote = {Provided by the SAO/NASA Astrophysics Data System}
}


@article{monien98,
  title = {Phases of the one-dimensional Bose-Hubbard model},
  author = {K\"uhner, T. D. and Monien, H.},
  journal = {Phys. Rev. B},
  volume = {58},
  issue = {22},
  pages = {R14741--R14744},
  numpages = {0},
  year = {1998},
  month = {Dec},
  publisher = {American Physical Society},
  doi = {10.1103/PhysRevB.58.R14741},
  url = {http://link.aps.org/doi/10.1103/PhysRevB.58.R14741}
}


@ARTICLE{vidal03,
   author = {{Vidal}, G. and {Latorre}, J.~I. and {Rico}, E. and {Kitaev}, A.
	},
    title = "{Entanglement in Quantum Critical Phenomena}",
  journal = {Physical Review Letters},
   eprint = {quant-ph/0211074},
 keywords = {Entanglement production characterization and manipulation, Entanglement and quantum nonlocality, Lattice theory and statistics, Critical point phenomena},
     year = 2003,
    month = jun,
   volume = 90,
   number = 22,
      eid = {227902},
    pages = {227902},
      doi = {10.1103/PhysRevLett.90.227902},
   adsurl = {http://adsabs.harvard.edu/abs/2003PhRvL..90v7902V},
  adsnote = {Provided by the SAO/NASA Astrophysics Data System}
}

@article{wiesereview,
      author         = "Wiese, Uwe-Jens",
      title          = "{Ultracold Quantum Gases and Lattice Systems: Quantum
                        Simulation of Lattice Gauge Theories}",
      journal        = "Ann. Phys. (Berlin)",
      volume         = "525",
      year           = "2013",
      pages          = "777-796",
      doi            = "10.1002/andp.201300104"
}

@article{Zohar:2015hwa,
      author         = "Zohar, Erez and Cirac, J. Ignacio and Reznik, Benni",
      title          = "{Quantum Simulations of Lattice Gauge Theories using
                        Ultracold Atoms in Optical Lattices}",
      journal        = "Rep. Prog. Phys.",
      volume         = "79",
      year           = "2016",
      number         = "1",
      pages          = "014401",
      doi            = "10.1088/0034-4885/79/1/014401"
}


@ARTICLE{simonising,
   author = {{Simon}, J. and {Bakr}, W.~S. and {Ma}, R. and {Tai}, M.~E. and 
	{Preiss}, P.~M. and {Greiner}, M.},
    title = "{Quantum simulation of antiferromagnetic spin chains in an optical lattice}",
  journal = {\nat},
archivePrefix = "arXiv",
   eprint = {1103.1372},
 primaryClass = "cond-mat.quant-gas",
     year = 2011,
    month = apr,
   volume = 472,
    pages = {307-312},
      doi = {10.1038/nature09994},
   adsurl = {http://adsabs.harvard.edu/abs/2011Natur.472..307S},
  adsnote = {Provided by the SAO/NASA Astrophysics Data System}
}

@unpublished{Jdraft,
author         = "Unmuth-Yockey, Judah and Zhang, Jin and Yang, Li-Ping and Bazavov, Alexei  and Tsai, Shan-Wen and Meurice, Yannick",
note="work in progress"}

@misc{roughdraft,
author         = "Unmuth-Yockey, Judah and Zhang, Jin and Yang, Li-Ping and Bazavov, Alexei  and Tsai, Shan-Wen and Meurice, Yannick",
title=draft,note="arxiv-1611-xxxxx, to appear"}

@ARTICLE{daley14,
   author = {{Daley}, A.~J.},
    title = "{Quantum trajectories and open many-body quantum systems}",
  journal = {Advances in Physics},
archivePrefix = "arXiv",
   eprint = {1405.6694},
 primaryClass = "quant-ph",
     year = 2014,
    month = mar,
   volume = 63,
    pages = {77-149},
      doi = {10.1080/00018732.2014.933502},
   adsurl = {http://adsabs.harvard.edu/abs/2014AdPhy..63...77D},
  adsnote = {Provided by the SAO/NASA Astrophysics Data System}
}


@ARTICLE{2014arXiv1408.1041S,
   author = {{Schachenmayer}, J. and {Pollet}, L. and {Troyer}, M. and {Daley}, A.~J.
	},
    title = "{Thermalization of strongly interacting bosons after spontaneous emissions in optical lattices}",
  journal = {ArXiv e-prints},
archivePrefix = "arXiv",
   eprint = {1408.1041},
 primaryClass = "cond-mat.quant-gas",
 keywords = {Condensed Matter - Quantum Gases, Quantum Physics},
     year = 2014,
    month = aug,
   adsurl = {http://adsabs.harvard.edu/abs/2014arXiv1408.1041S},
  adsnote = {Provided by the SAO/NASA Astrophysics Data System}
}

@article{PhysRevA.82.063605,
  title = {Nonequilibrium dynamics of bosonic atoms in optical lattices: Decoherence of many-body states due to spontaneous emission},
  author = {Pichler, H. and Daley, A. J. and Zoller, P.},
  journal = {Phys. Rev. A},
  volume = {82},
  issue = {6},
  pages = {063605},
  numpages = {15},
  year = {2010},
  month = {Dec},
  publisher = {American Physical Society},
  doi = {10.1103/PhysRevA.82.063605},
  url = {http://link.aps.org/doi/10.1103/PhysRevA.82.063605}
}


@article{PhysRevB.91.045121,
  title = {Comparative density-matrix renormalization group study of symmetry-protected topological phases in spin-1 chain and Bose-Hubbard models},
  author = {Ejima, Satoshi and Fehske, Holger},
  journal = {Phys. Rev. B},
  volume = {91},
  issue = {4},
  pages = {045121},
  numpages = {9},
  year = {2015},
  month = {Jan},
  publisher = {American Physical Society},
  doi = {10.1103/PhysRevB.91.045121},
  url = {http://link.aps.org/doi/10.1103/PhysRevB.91.045121}
}


@article{PhysRevLett.69.2863,
  title = {Density matrix formulation for quantum renormalization groups},
  author = {White, Steven R.},
  journal = {Phys. Rev. Lett.},
  volume = {69},
  issue = {19},
  pages = {2863--2866},
  numpages = {0},
  year = {1992},
  month = {Nov},
  publisher = {American Physical Society},
  doi = {10.1103/PhysRevLett.69.2863},
  url = {http://link.aps.org/doi/10.1103/PhysRevLett.69.2863}
}


@article{PhysRevLett.75.3537,
  title = {Thermodynamic Limit of Density Matrix Renormalization},
  author = {\"Ostlund, Stellan and Rommer, Stefan},
  journal = {Phys. Rev. Lett.},
  volume = {75},
  issue = {19},
  pages = {3537--3540},
  numpages = {0},
  year = {1995},
  month = {Nov},
  publisher = {American Physical Society},
  doi = {10.1103/PhysRevLett.75.3537},
  url = {http://link.aps.org/doi/10.1103/PhysRevLett.75.3537}
}


@article{PhysRevLett.107.067202,
  title = {Entanglement Entropy of Critical Spin Liquids},
  author = {Zhang, Yi and Grover, Tarun and Vishwanath, Ashvin},
  journal = {Phys. Rev. Lett.},
  volume = {107},
  issue = {6},
  pages = {067202},
  numpages = {5},
  year = {2011},
  month = {Aug},
  publisher = {American Physical Society},
  doi = {10.1103/PhysRevLett.107.067202},
  url = {http://link.aps.org/doi/10.1103/PhysRevLett.107.067202}
}


@article{PhysRevB.84.085110,
  title = {Estimating quasi-long-range order via R\'enyi entropies},
  author = {Dalmonte, M. and Ercolessi, E. and Taddia, L.},
  journal = {Phys. Rev. B},
  volume = {84},
  issue = {8},
  pages = {085110},
  numpages = {6},
  year = {2011},
  month = {Aug},
  publisher = {American Physical Society},
  doi = {10.1103/PhysRevB.84.085110},
  url = {http://link.aps.org/doi/10.1103/PhysRevB.84.085110}
}


@article{PhysRevB.92.041120,
  title = {Criticality at the Haldane-insulator charge-density-wave quantum phase transition},
  author = {Lange, Florian and Ejima, Satoshi and Fehske, Holger},
  journal = {Phys. Rev. B},
  volume = {92},
  issue = {4},
  pages = {041120},
  numpages = {5},
  year = {2015},
  month = {Jul},
  publisher = {American Physical Society},
  doi = {10.1103/PhysRevB.92.041120},
  url = {http://link.aps.org/doi/10.1103/PhysRevB.92.041120}
}



@ARTICLE{2016arXiv160304409K,
   author = {{Kaufman}, A.~M. and {Tai}, M.~E. and {Lukin}, A. and {Rispoli}, M. and 
	{Schittko}, R. and {Preiss}, P.~M. and {Greiner}, M.},
    title = "{Quantum thermalization through entanglement in an isolated many-body system}",
  journal = {ArXiv e-prints},
archivePrefix = "arXiv",
   eprint = {1603.04409},
 primaryClass = "quant-ph",
 keywords = {Quantum Physics, Condensed Matter - Quantum Gases, Physics - Atomic Physics},
     year = 2016,
    month = mar,
   adsurl = {http://adsabs.harvard.edu/abs/2016arXiv160304409K},
  adsnote = {Provided by the SAO/NASA Astrophysics Data System}
}


@article{Smirnov:2007pm,
      author         = "Smirnov, Stanislav",
      title          = "{Conformal invariance in random cluster models. I.
                        Holomorphic fermions in the Ising model}",
      year           = "2007",
      eprint         = "0708.0039",
      archivePrefix  = "arXiv",
      primaryClass   = "math-ph",
}

@article{PhysRevLett.104.095701,
  title = {Parity Effects in the Scaling of Block Entanglement in Gapless Spin Chains},
  author = {Calabrese, Pasquale and Campostrini, Massimo and Essler, Fabian and Nienhuis, Bernard},
  journal = {Phys. Rev. Lett.},
  volume = {104},
  issue = {9},
  pages = {095701},
  numpages = {4},
  year = {2010},
  month = {Mar},
  publisher = {American Physical Society},
  doi = {10.1103/PhysRevLett.104.095701},
  url = {http://link.aps.org/doi/10.1103/PhysRevLett.104.095701}
}



@article{PhysRevLett.96.100603,
  title = {Boundary Effects in the Critical Scaling of Entanglement Entropy in 1D Systems},
  author = {Laflorencie, Nicolas and S\o{}rensen, Erik S. and Chang, Ming-Shyang and Affleck, Ian},
  journal = {Phys. Rev. Lett.},
  volume = {96},
  issue = {10},
  pages = {100603},
  numpages = {4},
  year = {2006},
  month = {Mar},
  publisher = {American Physical Society},
  doi = {10.1103/PhysRevLett.96.100603},
  url = {http://link.aps.org/doi/10.1103/PhysRevLett.96.100603}
}

  	
@article{1742-5468-2010-08-P08029,
  author={Pasquale Calabrese and Fabian H L Essler},
  title={Universal corrections to scaling for block entanglement in spin-1/2XX chains},
  journal={Journal of Statistical Mechanics: Theory and Experiment},
  volume={2010},
  number={08},
  pages={P08029},
  url={http://stacks.iop.org/1742-5468/2010/i=08/a=P08029},
  year={2010},
  abstract={We consider the R??nyi entropies ##IMG## [http://ej.iop.org/images/1742-5468/2010/08/P08029/jstat365385ieqn1.gif] {S_n(\ell)} in the one-dimensional spin-1/2 Heisenberg XX chain in a magnetic field. The case n = 1 corresponds to the von Neumann 'entanglement' entropy. Using a combination of methods based on the generalized Fisher???Hartwig conjecture and a recurrence relation connected to the Painlev?? VI differential equation we obtain the asymptotic behaviour, accurate to order ##IMG## [http://ej.iop.org/images/1742-5468/2010/08/P08029/jstat365385ieqn2.gif] {{\cal O}(\ell^{-3})} , of the R??nyi entropies ##IMG## [http://ej.iop.org/images/1742-5468/2010/08/P08029/jstat365385ieqn1.gif] {S_n(\ell)} for large block lengths ##IMG## [http://ej.iop.org/images/1742-5468/2010/08/P08029/jstat365385ieqn3.gif] {\ell} . For n = 1, 2, 3, 10 this constitutes the 3, 6, 10, 48 leading terms respectively. The o(1) contributions are found to exhibit a rich structure of oscillatory behaviour, which we analyse in some detail both for finite n and in the limit ##IMG## [http://ej.iop.org/images/1742-5468/2010/08/P08029/jstat365385ieqn4.gif] {n\to \infty} .}
}


  	
@article{unusualcardy,
  author={John Cardy and Pasquale Calabrese},
  title={Unusual corrections to scaling in entanglement entropy},
  journal={Journal of Statistical Mechanics: Theory and Experiment},
  volume={2010},
  number={04},
  pages={P04023},
  url={http://stacks.iop.org/1742-5468/2010/i=04/a=P04023},
  year={2010},
  abstract={We present a general theory of the corrections to the asymptotic behaviour of the R??nyi entropies S A ( n ) = (1 ??? n ) ??? 1 logTr?? A n which measure the entanglement of an interval A of length ##IMG## [http://ej.iop.org/images/1742-5468/2010/04/P04023/jstat352740ieqn1.gif] {\ell} with the rest of an infinite one-dimensional system, in the case when this is described by a conformal field theory of central charge c . These can be due to bulk irrelevant operators of scaling dimension x > 2, in which case the leading corrections are of the expected form ##IMG## [http://ej.iop.org/images/1742-5468/2010/04/P04023/jstat352740ieqn2.gif] {\ell^{-2(x-2)}} for values of n close to 1. However, for n > x /( x ??? 2) corrections of the form ##IMG## [http://ej.iop.org/images/1742-5468/2010/04/P04023/jstat352740ieqn3.gif] {\ell^{2-x-x/n}} and ##IMG## [http://ej.iop.org/images/1742-5468/2010/04/P04023/jstat352740ieqn4.gif] {\ell^{-2x/n}} arise and dominate the conventional terms. We also point out that the last type of corrections can also occur with x less than 2. They arise from relevant operators induced by the conical spacetime singularities necessary to describe the reduced density matrix. These agree with recent analytic and numerical results for quantum spin chains. We also compute the effect of marginally irrelevant bulk operators, which give a correction ##IMG## [http://ej.iop.org/images/1742-5468/2010/04/P04023/jstat352740ieqn5.gif] {\Or ((\log \ell)^{-2})} , with a universal amplitude. We present analogous results for the case when the interval lies at the end of a semi-infinite system.}
}

  	
@article{1742-5468-2011-01-P01017,
  author={Maurizio Fagotti and Pasquale Calabrese},
  title={Universal parity effects in the entanglement entropy of XX chains with open boundary conditions},
  journal={Journal of Statistical Mechanics: Theory and Experiment},
  volume={2011},
  number={01},
  pages={P01017},
  url={http://stacks.iop.org/1742-5468/2011/i=01/a=P01017},
  year={2011},
  abstract={We consider the R??nyi entanglement entropies in the one-dimensional XX spin-chains with open boundary conditions in the presence of a magnetic field. In the case of a semi-infinite system and a block starting from the boundary, we derive rigorously the asymptotic behavior for large block sizes on the basis of a recent mathematical theorem for the determinant of Toeplitz plus Hankel matrices. We conjecture a generalized Fisher???Hartwig form for the corrections to the asymptotic behavior of this determinant that allows the exact characterization of the corrections to the scaling at order ##IMG## [http://ej.iop.org/images/1742-5468/2011/01/P01017/jstat378734ieqn1.gif] {\mathrm {o}(\ell^{-1})} for any n . By combining these results with conformal field theory arguments, we derive exact expressions also in finite chains with open boundary conditions and in the case when the block is detached from the boundary.}
}
	
@article{PhysRevB.83.214425,
  title = {R\'enyi entropy and parity oscillations of anisotropic spin-$s$ Heisenberg chains in a magnetic field},
  author = {Xavier, J. C. and Alcaraz, F. C.},
  journal = {Phys. Rev. B},
  volume = {83},
  issue = {21},
  pages = {214425},
  numpages = {8},
  year = {2011},
  month = {Jun},
  publisher = {American Physical Society},
  doi = {10.1103/PhysRevB.83.214425},
  url = {http://link.aps.org/doi/10.1103/PhysRevB.83.214425}
}

@article{PhysRevLett.108.116401,
  title = {Detecting Quantum Critical Points Using Bipartite Fluctuations},
  author = {Rachel, Stephan and Laflorencie, Nicolas and Song, H. Francis and Le Hur, Karyn},
  journal = {Phys. Rev. Lett.},
  volume = {108},
  issue = {11},
  pages = {116401},
  numpages = {5},
  year = {2012},
  month = {Mar},
  publisher = {American Physical Society},
  doi = {10.1103/PhysRevLett.108.116401},
  url = {http://link.aps.org/doi/10.1103/PhysRevLett.108.116401}
}

@article{PhysRevLett.115.035302,
  title = {Spatially Resolved Detection of a Spin-Entanglement Wave in a Bose-Hubbard Chain},
  author = {Fukuhara, Takeshi and Hild, Sebastian and Zeiher, Johannes and Schau\ss{}, Peter and Bloch, Immanuel and Endres, Manuel and Gross, Christian},
  journal = {Phys. Rev. Lett.},
  volume = {115},
  issue = {3},
  pages = {035302},
  numpages = {5},
  year = {2015},
  month = {Jul},
  publisher = {American Physical Society},
  doi = {10.1103/PhysRevLett.115.035302},
  url = {http://link.aps.org/doi/10.1103/PhysRevLett.115.035302}
}


%% Saved with string encoding Unicode (UTF-8)
@article{PhysRevLett.100.030504,
  title = {Entropy Scaling and Simulability by Matrix Product States},
  author = {Schuch, Norbert and Wolf, Michael M. and Verstraete, Frank and Cirac, J. Ignacio},
  journal = {Phys. Rev. Lett.},
  volume = {100},
  issue = {3},
  pages = {030504},
  numpages = {4},
  year = {2008},
  month = {Jan},
  publisher = {American Physical Society},
  doi = {10.1103/PhysRevLett.100.030504},
  url = {http://link.aps.org/doi/10.1103/PhysRevLett.100.030504}
}



@article{Fodor:2016zil,
      author         = "Fodor, Zoltan and Holland, Kieran and Kuti, Julius and
                        Mondal, Santanu and Nogradi, Daniel and Wong, Chik Him",
      title          = "{Fate of the conformal fixed point with twelve massless
                        fermions and SU(3) gauge group}",
      year           = "2016",
      eprint         = "1607.06121",
      archivePrefix  = "arXiv",
      primaryClass   = "hep-lat",
}
@article{Cheng:2014jba,
      author         = "Cheng, Anqi and Hasenfratz, Anna and Liu, Yuzhi and
                        Petropoulos, Gregory and Schaich, David",
      title          = "{Improving the continuum limit of gradient flow step
                        scaling}",
      journal        = "JHEP",
      volume         = "05",
      year           = "2014",
      pages          = "137",
      doi            = "10.1007/JHEP05(2014)137",
      eprint         = "1404.0984",
      archivePrefix  = "arXiv",
      primaryClass   = "hep-lat",
}



@article{PhysRevE.93.012138,
  title = {Fine structure of the entanglement entropy in the O(2) model},
  author = {Yang, Li-Ping and Liu, Yuzhi and Zou, Haiyuan and Xie, Z. Y. and Meurice, Y.},
  journal = {Phys. Rev. E},
  volume = {93},
  issue = {1},
  pages = {012138},
  numpages = {11},
  year = {2016},
  month = {Jan},
  publisher = {American Physical Society},
  doi = {10.1103/PhysRevE.93.012138},
  url = {http://link.aps.org/doi/10.1103/PhysRevE.93.012138}
}


@article{Dotsenko:1984if,
      author         = "Dotsenko, V. S.",
      title          = "{Critical Behavior and Associated Conformal Algebra of
                        the Z(3) Potts Model}",
      journal        = "Nucl. Phys.",
      volume         = "B235",
      year           = "1984",
      pages          = "54-74",
      doi            = "10.1016/0550-3213(84)90148-2",
}

@article{Belavin:1984vu,
      author         = "Belavin, A. A. and Polyakov, Alexander M. and
                        Zamolodchikov, A. B.",
      title          = "{Infinite Conformal Symmetry in Two-Dimensional Quantum
                        Field Theory}",
      journal        = "Nucl. Phys.",
      volume         = "B241",
      year           = "1984",
      pages          = "333-380",
      doi            = "10.1016/0550-3213(84)90052-X",
      reportNumber   = "CERN-TH-3827",
}

@article{Friedan:1983xq,
      author         = "Friedan, Daniel and Qiu, Zong-an and Shenker, Stephen H.",
      title          = "{Conformal Invariance, Unitarity and Two-Dimensional
                        Critical Exponents}",
      journal        = "Phys. Rev. Lett.",
      volume         = "52",
      year           = "1984",
      pages          = "1575-1578",
      doi            = "10.1103/PhysRevLett.52.1575",
      reportNumber   = "EFI-83-66-CHICAGO",
}

@article{Aoki:2015gea,
      author         = "Aoki, Yasumichi and others",
      title          = "{Conformality in twelve-flavor QCD}",
      booktitle      = "{Proceedings, 32nd International Symposium on Lattice
                        Field Theory (Lattice 2014)}",
      collaboration  = "LatKMI",
      journal        = "PoS",
      volume         = "LATTICE2014",
      year           = "2015",
      pages          = "256",
      eprint         = "1501.06660",
      archivePrefix  = "arXiv",
      primaryClass   = "hep-lat",
      reportNumber   = "LLNL-PROC-666430",
}


@article{Chivukula:1996kg,
      author         = "Chivukula, R. Sekhar",
      title          = "{A Comment on the zero temperature chiral phase
                        transition in SU(N) gauge theories}",
      journal        = "Phys. Rev.",
      volume         = "D55",
      year           = "1997",
      pages          = "5238-5240",
      doi            = "10.1103/PhysRevD.55.5238",
      eprint         = "hep-ph/9612267",
      archivePrefix  = "arXiv",
      primaryClass   = "hep-ph",
      reportNumber   = "BUHEP-96-45",
}


@article{PhysRevD.59.067702,
  title = {Physical spectrum of conformal $\mathrm{SU}(N)$ gauge theories},
  author = {Appelquist, Thomas and Sannino, Francesco},
  journal = {Phys. Rev. D},
  volume = {59},
  issue = {6},
  pages = {067702},
  numpages = {4},
  year = {1999},
  month = {Feb},
  publisher = {American Physical Society},
  doi = {10.1103/PhysRevD.59.067702},
  url = {http://link.aps.org/doi/10.1103/PhysRevD.59.067702}
}

@article{PhysRevD.55.5051,
  title = {Conformal phase transition in gauge theories},
  author = {Miransky, V. A. and Yamawaki, Koichi},
  journal = {Phys. Rev. D},
  volume = {55},
  issue = {8},
  pages = {5051--5066},
  numpages = {0},
  year = {1997},
  month = {Apr},
  publisher = {American Physical Society},
  doi = {10.1103/PhysRevD.55.5051},
  url = {http://link.aps.org/doi/10.1103/PhysRevD.55.5051}
}


@article{PhysRevD.56.3768,
  title = {Erratum: Conformal phase transition in gauge theories [Phys. Rev. D     \textbf{55}  , 5051 (1997)]},
  author = {Miransky, V. A. and Yamawaki, Koichi},
  journal = {Phys. Rev. D},
  volume = {56},
  issue = {6},
  pages = {3768--3768},
  numpages = {0},
  year = {1997},
  month = {Sep},
  publisher = {American Physical Society},
  doi = {10.1103/PhysRevD.56.3768},
  url = {http://link.aps.org/doi/10.1103/PhysRevD.56.3768}
}



@article{Dietrich:2005jn,
      author         = "Dietrich, Dennis D. and Sannino, Francesco and Tuominen,
                        Kimmo",
      title          = "{Light composite Higgs from higher representations versus
                        electroweak precision measurements: Predictions for CERN
                        LHC}",
      journal        = "Phys. Rev.",
      volume         = "D72",
      year           = "2005",
      pages          = "055001",
      doi            = "10.1103/PhysRevD.72.055001",
      eprint         = "hep-ph/0505059",
      archivePrefix  = "arXiv",
      primaryClass   = "hep-ph",
}

@article{Luty:2004ye,
      author         = "Luty, Markus A. and Okui, Takemichi",
      title          = "{Conformal technicolor}",
      journal        = "JHEP",
      volume         = "09",
      year           = "2006",
      pages          = "070",
      doi            = "10.1088/1126-6708/2006/09/070",
      eprint         = "hep-ph/0409274",
      archivePrefix  = "arXiv",
      primaryClass   = "hep-ph",
      reportNumber   = "BUHEP-04-12, UMD-PP-05-017",
}


@article{PhysRevLett.77.1214,
  title = {Zero Temperature Chiral Phase Transition in SU(    \textit{N}  ) Gauge Theories},
  author = {Appelquist, Thomas and Terning, John and Wijewardhana, L. C. R.},
  journal = {Phys. Rev. Lett.},
  volume = {77},
  issue = {7},
  pages = {1214--1217},
  numpages = {0},
  year = {1996},
  month = {Aug},
  publisher = {American Physical Society},
  doi = {10.1103/PhysRevLett.77.1214},
  url = {http://link.aps.org/doi/10.1103/PhysRevLett.77.1214}
}


@book{difrancesco,
      author        = "Di Francesco, Philippe and Mathieu, Pierre and S\'en\'echal,
                       David",
      title         = "{Conformal field theory}",
      publisher     = "Springer",
      address       = "New York, NY",
      series        = "Graduate texts in contemporary physics",
      year          = "1997",
      url           = "https://cds.cern.ch/record/639405",
}


@article{PhysRevLett.91.222001,
  title = {Functional Integrals for QCD at Nonzero Chemical Potential and Zero Density},
  author = {Cohen, Thomas D.},
  journal = {Phys. Rev. Lett.},
  volume = {91},
  issue = {22},
  pages = {222001},
  numpages = {4},
  year = {2003},
  month = {Nov},
  publisher = {American Physical Society},
  doi = {10.1103/PhysRevLett.91.222001},
  url = {http://link.aps.org/doi/10.1103/PhysRevLett.91.222001}
}

@article{Islam2015,
  author={Islam, R. and Ma, R. and Preiss, P. M. and Tai, M. E. and Lukin, A. and Rispoli, M. and Greiner, M.},
  title={Measuring entanglement entropy in a quantum many-body system},
  journal={Nature},
  volume={528},
  pages = {77},
  year = {2015}
}

@article {Kaufman2016,
	author = {Kaufman, Adam M. and Tai, M. Eric and Lukin, Alexander and Rispoli, Matthew and Schittko, Robert and Preiss, Philipp M. and Greiner, Markus},
	title = {Quantum thermalization through entanglement in an isolated many-body system},
	volume = {353},
	number = {6301},
	pages = {794--800},
	year = {2016},
	journal = {Science}
}

@ARTICLE{2015arXiv150901160I,
   author = {{Islam}, R. and {Ma}, R. and {Preiss}, P.~M. and {Tai}, M.~E. and 
	{Lukin}, A. and {Rispoli}, M. and {Greiner}, M.},
    title = "{Measuring entanglement entropy through the interference of quantum many-body twins}",
  journal = {\nat},
archivePrefix = "arXiv",
   eprint = {1509.01160},
 primaryClass = "cond-mat.quant-gas",
 keywords = {Condensed Matter - Quantum Gases, Physics - Atomic Physics, Quantum Physics},
     year = 2015,
    month = sep,
    volume = 528,      
    pages = {77-83},
      doi = {10.1038/nature15750},
   adsurl = {http://adsabs.harvard.edu/abs/2015arXiv150901160I},
  adsnote = {Provided by the SAO/NASA Astrophysics Data System}
}



@ARTICLE{2011Natur.470..236H,
   author = {{Hung}, C.-L. and {Zhang}, X. and {Gemelke}, N. and {Chin}, C.
	},
    title = "{Observation of scale invariance and universality in two-dimensional Bose gases}",
  journal = {\nat},
archivePrefix = "arXiv",
   eprint = {1009.0016},
 primaryClass = "cond-mat.quant-gas",
     year = 2011,
    month = feb,
   volume = 470,
    pages = {236-239},
      doi = {10.1038/nature09722},
   adsurl = {http://adsabs.harvard.edu/abs/2011Natur.470..236H},
  adsnote = {Provided by the SAO/NASA Astrophysics Data System}
}


@article{PhysRevB.52.7402,
  title = {Conformal anomaly and critical exponents of the     \textit{XY}   Ising model},
  author = {Nightingale, M. P. and Granato, E. and Kosterlitz, J. M.},
  journal = {Phys. Rev. B},
  volume = {52},
  issue = {10},
  pages = {7402--7411},
  numpages = {0},
  year = {1995},
  month = {Sep},
  publisher = {American Physical Society},
  doi = {10.1103/PhysRevB.52.7402},
  url = {http://link.aps.org/doi/10.1103/PhysRevB.52.7402}
}


@article{PhysRevD.22.2157,
  title = {Exclusive processes in perturbative quantum chromodynamics},
  author = {Lepage, G. Peter and Brodsky, Stanley J.},
  journal = {Phys. Rev. D},
  volume = {22},
  issue = {9},
  pages = {2157--2198},
  numpages = {0},
  year = {1980},
  month = {Nov},
  publisher = {American Physical Society},
  doi = {10.1103/PhysRevD.22.2157},
  url = {http://link.aps.org/doi/10.1103/PhysRevD.22.2157}
}

@article{PhysRevD.91.074510,
  title = {$B\ensuremath{\rightarrow}\ensuremath{\pi}\ensuremath{\ell}\ensuremath{\nu}$ and ${B}_{s}\ensuremath{\rightarrow}K\ensuremath{\ell}\ensuremath{\nu}$ form factors and $|{V}_{ub}|$ from $2+1$-flavor lattice QCD with domain-wall light quarks and relativistic heavy quarks},
  author = {Flynn, J. M. and Izubuchi, T. and Kawanai, T. and Lehner, C. and Soni, A. and Van de Water, R. S. and Witzel, O.},
  collaboration = {(RBC and UKQCD Collaborations)},
  journal = {Phys. Rev. D},
  volume = {91},
  issue = {7},
  pages = {074510},
  numpages = {38},
  year = {2015},
  month = {Apr},
  publisher = {American Physical Society},
  doi = {10.1103/PhysRevD.91.074510},
  url = {http://link.aps.org/doi/10.1103/PhysRevD.91.074510}
}


@article{PhysRevD.90.054506,
  title = {${B}_{s}\ensuremath{\rightarrow}K\ensuremath{\ell}\ensuremath{\nu}$ form factors from lattice QCD},
  author = {Bouchard, C. M. and Lepage, G. Peter and Monahan, Christopher and Na, Heechang and Shigemitsu, Junko},
  journal = {Phys. Rev. D},
  volume = {90},
  issue = {5},
  pages = {054506},
  numpages = {22},
  year = {2014},
  month = {Sep},
  publisher = {American Physical Society},
  doi = {10.1103/PhysRevD.90.054506},
  url = {http://link.aps.org/doi/10.1103/PhysRevD.90.054506}
}


@article{pheno15,
      author         = "Du, Daping and El-Khadra, A. X. and Gottlieb, Steven and
                        Kronfeld, A. S. and Laiho, J. and Lunghi, E. and Van de
                        Water, R. S. and Zhou, Ran",
      title          = "{Phenomenology of Semileptonic B-Meson Decays with Form
                        Factors from Lattice QCD}",
      year           = "2015",
      eprint         = "1510.02349",
      archivePrefix  = "arXiv",
      primaryClass   = "hep-ph",
      reportNumber   = "FERMILAB-PUB-15-425-T, NSF-KITP-15-134",
}

@article{ran15,
      author         = "Bailey, Jon A. and others",
      title          = "{$B\to Kl^+l^-$ decay form factors from three-flavor
                        lattice QCD}",
      year           = "2015",
      eprint         = "1509.06235",
      archivePrefix  = "arXiv",
      primaryClass   = "hep-lat",
      reportNumber   = "FERMILAB-PUB-15-403-T",
}
@article{daping15b,
      author         = "Bailey, Jon A. and others",
      title          = "{$B\to\pi\ell\ell$ form factors for new-physics searches
                        from lattice QCD}",
      collaboration  = "Fermilab Lattice, MILC",
      journal        = "Phys. Rev. Lett.",
      volume         = "115",
      year           = "2015",
      number         = "15",
      pages          = "152002",
      doi            = "10.1103/PhysRevLett.115.152002",
      eprint         = "1507.01618",
      archivePrefix  = "arXiv",
      primaryClass   = "hep-ph",
      reportNumber   = "FERMILAB-PUB-15-288-T",
}
@article{daping15a,
      author         = "Bailey, Jon A. and others",
      title          = "{$|V_{ub}|$ from $B\to\pi\ell\nu$ decays and (2+1)-flavor
                        lattice QCD}",
      collaboration  = "Fermilab Lattice, MILC",
      journal        = "Phys. Rev.",
      volume         = "D92",
      year           = "2015",
      number         = "1",
      pages          = "014024",
      doi            = "10.1103/PhysRevD.92.014024",
      eprint         = "1503.07839",
      archivePrefix  = "arXiv",
      primaryClass   = "hep-lat",
      reportNumber   = "FERMILAB-PUB-15-108-T",
}


@inproceedings{Buyens:2015dkc,
      author         = "Buyens, Boye and Haegeman, Jutho and Verstraete, Frank
                        and Van Acoleyen, Karel",
      title          = "{Tensor networks for gauge field theories}",
      url            = "http://inspirehep.net/record/1404693/files/arXiv:1511.04288.pdf",
      year           = "2015",
      eprint         = "1511.04288",
      archivePrefix  = "arXiv",
      primaryClass   = "hep-lat",
}

@article{Bruckmann:2014sla,
      author         = "Bruckmann, Falk. and Sulejmanpasic, Tin",
      title          = "{Nonlinear sigma models at nonzero chemical potential:
                        breaking up instantons and the phase diagram}",
      journal        = "Phys. Rev.",
      volume         = "D90",
      year           = "2014",
      number         = "10",
      pages          = "105010",
      doi            = "10.1103/PhysRevD.90.105010",
      eprint         = "1408.2229",
      archivePrefix  = "arXiv",
      primaryClass   = "hep-th",
}
@article{Kadanoff:1966wm,
      author         = "Kadanoff, L. P.",
      title          = "{Scaling laws for Ising models near T(c)}",
      journal        = "Physics",
      volume         = "2",
      year           = "1966",
      pages          = "263-272",
}

@article{Dittrich:2014mxa,
      author         = "Dittrich, Bianca and Mizera, Sebastian and Steinhaus,
                        Sebastian",
      title          = "{Decorated tensor network renormalization for lattice
                        gauge theories and spin foam models}",
      year           = "2014",
      eprint         = "1409.2407",
      archivePrefix  = "arXiv",
      primaryClass   = "gr-qc",
}

@article{Yang:2015rra,
      author         = "Yang, Li-Ping and Liu, Yuzhi and Zou, Haiyuan and Xie, Z.
                        Y. and Meurice, Y.",
      title          = "{The fine structure of the entanglement entropy in the
                        classical XY model}",
      year           = "2015",
      eprint         = "1507.01471",
      archivePrefix  = "arXiv",
      primaryClass   = "cond-mat.stat-mech",
}

@article{Unmuth-Yockey:2014iga,
      author         = "Unmuth-Yockey, Judah and Meurice, Yannick and Osborn,
                        James and Zou, Haiyuan",
      title          = "{Tensor renormalization group study of the 2d O(3)
                        model}",
      year           = "2014",
      eprint         = "1411.4213",
      archivePrefix  = "arXiv",
      primaryClass   = "hep-lat",
}

@article{PhysRevD.92.076003,
  title = {Gauge-invariant implementation of the Abelian-Higgs model on optical lattices},
  author = {Bazavov, A. and Meurice, Y. and Tsai, S.-W. and Unmuth-Yockey, J. and Zhang, Jin},
  journal = {Phys. Rev. D},
  volume = {92},
  issue = {7},
  pages = {076003},
  numpages = {12},
  year = {2015},
  month = {Oct},
  publisher = {American Physical Society},
  doi = {10.1103/PhysRevD.92.076003},
  url = {http://link.aps.org/doi/10.1103/PhysRevD.92.076003}
}


@article{PhysRevB.80.115122,
  title = {Entanglement entropy in the O(N) model},
  author = {Metlitski, Max A. and Fuertes, Carlos A. and Sachdev, Subir},
  journal = {Phys. Rev. B},
  volume = {80},
  issue = {11},
  pages = {115122},
  numpages = {20},
  year = {2009},
  month = {Sep},
  publisher = {American Physical Society},
  doi = {10.1103/PhysRevB.80.115122},
  url = {http://link.aps.org/doi/10.1103/PhysRevB.80.115122}
}


@article{Saito:2014bda,
      author         = "Saito, Hana and Ba??uls, Mari Carmen and Cichy, Krzysztof
                        and Cirac, J. Ignacio and Jansen, Karl",
      title          = "{The temperature dependence of the chiral condensate in
                        the Schwinger model with Matrix Product States}",
      booktitle      = "{Proceedings, 32nd International Symposium on Lattice
                        Field Theory (Lattice 2014)}",
      journal        = "PoS",
      volume         = "LATTICE2014",
      year           = "2014",
      pages          = "302",
      eprint         = "1412.0596",
      archivePrefix  = "arXiv",
      primaryClass   = "hep-lat",
      reportNumber   = "DESY-14-230, SFB-CPP-14-96",
}

@article{Takeda:2014vwa,
      author         = "Takeda, Shinji and Yoshimura, Yusuke",
      title          = "{Grassmann tensor renormalization group for the
                        one-flavor lattice Gross?Neveu model with finite
                        chemical potential}",
      journal        = "PTEP",
      volume         = "2015",
      year           = "2015",
      number         = "4",
      pages          = "043B01",
      doi            = "10.1093/ptep/ptv022",
      eprint         = "1412.7855",
      archivePrefix  = "arXiv",
      primaryClass   = "hep-lat",
      reportNumber   = "KANAZAWA-14-10",
}

@inproceedings{Kawauchi:2015heu,
      author         = "Kawauchi, Hikaru and Takeda, Shinji",
      title          = "{Tensor renormalization group analysis of ${\rm CP}(N-1)$
                        model in two dimensions}",
      booktitle      = "{Proceedings, 33rd International Symposium on Lattice
                        Field Theory (Lattice 2015)}",
      url            = "http://inspirehep.net/record/1402364/files/arXiv:1511.00348.pdf",
      year           = "2015",
      eprint         = "1511.00348",
      archivePrefix  = "arXiv",
      primaryClass   = "hep-lat",
}

@article{Bruckmann:2015sua,
      author         = "Bruckmann, Falk and Gattringer, Christof and Kloiber,
                        Thomas and Sulejmanpasic, Tin",
      title          = "{Dual lattice representations for O(N) and CP(N-1)
                        models with a chemical potential}",
      journal        = "Phys. Lett.",
      volume         = "B749",
      year           = "2015",
      pages          = "495-501",
      doi            = "10.1016/j.physletb.2015.08.015",
      eprint         = "1507.04253",
      archivePrefix  = "arXiv",
      primaryClass   = "hep-lat",
}


@article{kai1,
      author         = "Chatrchyan, Serguei and others",
      title          = "{Observation of a peaking structure in the $J/\psi \phi$
                        mass spectrum from $B^{\pm} \to J/\psi \phi K^{\pm}$
                        decays}",
      collaboration  = "CMS",
      journal        = "Phys. Lett.",
      volume         = "B734",
      year           = "2014",
      pages          = "261-281",
      doi            = "10.1016/j.physletb.2014.05.055",
      eprint         = "1309.6920",
      archivePrefix  = "arXiv",
      primaryClass   = "hep-ex",
      reportNumber   = "CMS-BPH-11-026, CERN-PH-EP-2013-167",
}

@article{kai2,
      author         = "Chatrchyan, Serguei and others",
      title          = "{Observation of a peaking structure in the $J/\psi \phi$
                        mass spectrum from $B^{\pm} \to J/\psi \phi K^{\pm}$
                        decays}",
      collaboration  = "CMS",
      journal        = "Phys. Lett.",
      volume         = "B734",
      year           = "2014",
      pages          = "261-281",
      doi            = "10.1016/j.physletb.2014.05.055",
      eprint         = "1309.6920",
      archivePrefix  = "arXiv",
      primaryClass   = "hep-ex",
      reportNumber   = "CMS-BPH-11-026, CERN-PH-EP-2013-167",
}

@article{PhysRevLett.74.4603,
  title = {Constraints on Form Factors for Exclusive Semileptonic Heavy to Light Meson Decays},
  author = {Boyd, C. Glenn and Grinstein, Benjam\'{i}n and Lebed, Richard F.},
  journal = {Phys. Rev. Lett.},
  volume = {74},
  issue = {23},
  pages = {4603--4606},
  numpages = {0},
  year = {1995},
  month = {Jun},
  publisher = {American Physical Society},
  doi = {10.1103/PhysRevLett.74.4603},
  url = {http://link.aps.org/doi/10.1103/PhysRevLett.74.4603}
}


@article{Bourrely:2008za,
      author         = "Bourrely, Claude and Caprini, Irinel and Lellouch,
                        Laurent",
      title          = "{Model-independent description of B ---> pi l nu decays
                        and a determination of |V(ub)|}",
      journal        = "Phys. Rev.",
      volume         = "D79",
      year           = "2009",
      pages          = "013008",
      doi            = "10.1103/PhysRevD.82.099902, 10.1103/PhysRevD.79.013008",
      note           = "[Erratum: Phys. Rev.D82,099902(2010)]",
      eprint         = "0807.2722",
      archivePrefix  = "arXiv",
      primaryClass   = "hep-ph",
      reportNumber   = "CPT-P36-2007",
}


@unpublished{Keegan:2015cba,
      author         = "Keegan, Liam",
      title          = "{Schwinger Model Mass Anomalous Dimension}",
      booktitle      = "{33rd International Symposium on Lattice Field Theory
                        (Lattice 2015) Kobe, Japan, July 14-18, 2015}",
      url            = "http://inspirehep.net/record/1387180/files/arXiv:1508.01685.pdf",
      year           = "2015",
      note        = "arXiiv 1508.01685",
      archivePrefix  = "arXiv",
      primaryClass   = "hep-lat",
}



@article{Vairinhos:2014uxa,
      author         = "Vairinhos, H??lvio and de Forcrand, Philippe",
      title          = "{Lattice gauge theory without link variables}",
      journal        = "JHEP",
      volume         = "12",
      year           = "2014",
      pages          = "038",
      doi            = "10.1007/JHEP12(2014)038",
      eprint         = "1409.8442",
      archivePrefix  = "arXiv",
      primaryClass   = "hep-lat",
      reportNumber   = "CERN-PH-TH-2014-186",
}


@article{PhysRevD.85.094501,
  title = {Monte Carlo renormalization group minimal walking technicolor},
  author = {Catterall, Simon and Del Debbio, Luigi and Giedt, Joel and Keegan, Liam},
  journal = {Phys. Rev. D},
  volume = {85},
  issue = {9},
  pages = {094501},
  numpages = {7},
  year = {2012},
  month = {May},
  publisher = {American Physical Society},
  doi = {10.1103/PhysRevD.85.094501},
  url = {http://link.aps.org/doi/10.1103/PhysRevD.85.094501}
}


@article{Fodor:2015vwa,
      author         = "Fodor, Zoltan and Holland, Kieran and Kuti, Julius and
                        Mondal, Santanu and Nogradi, Daniel and Wong, Chik Him",
      title          = "{Toward the minimal realization of a light composite
                        Higgs}",
      booktitle      = "{Proceedings, 32nd International Symposium on Lattice
                        Field Theory (Lattice 2014)}",
      journal        = "PoS",
      volume         = "LATTICE2014",
      year           = "2015",
      pages          = "244",
      eprint         = "1502.00028",
      archivePrefix  = "arXiv",
      primaryClass   = "hep-lat",
}
@article{PhysRevLett.111.162001,
  title = {Light Composite Scalar in Twelve-Flavor QCD on the Lattice},
  author = {Aoki, Yasumichi and Aoyama, Tatsumi and Kurachi, Masafumi and Maskawa, Toshihide and Nagai, Kei-ichi and Ohki, Hiroshi and Rinaldi, Enrico and Shibata, Akihiro and Yamawaki, Koichi and Yamazaki, Takeshi},
  collaboration = {LatKMI Collaboration},
  journal = {Phys. Rev. Lett.},
  volume = {111},
  issue = {16},
  pages = {162001},
  numpages = {5},
  year = {2013},
  month = {Oct},
  publisher = {American Physical Society},
  doi = {10.1103/PhysRevLett.111.162001},
  url = {http://link.aps.org/doi/10.1103/PhysRevLett.111.162001}
}



@article{PhysRevD.85.094509,
  title = {Novel phase in SU(3) lattice gauge theory with 12 light fermions},
  author = {Cheng, Anqi and Hasenfratz, Anna and Schaich, David},
  journal = {Phys. Rev. D},
  volume = {85},
  issue = {9},
  pages = {094509},
  numpages = {10},
  year = {2012},
  month = {May},
  publisher = {American Physical Society},
  doi = {10.1103/PhysRevD.85.094509},
  url = {http://link.aps.org/doi/10.1103/PhysRevD.85.094509}
}


@article{PhysRevD.80.054024,
  title = {${B}^{-}\ensuremath{\rightarrow}{\ensuremath{\pi}}^{-}{\ensuremath{\pi}}^{0}/{\ensuremath{\rho}}^{-}{\ensuremath{\rho}}^{0}$ to next-to-next-to-leading order in QCD factorization},
  author = {Bell, Guido and Pilipp, Volker},
  journal = {Phys. Rev. D},
  volume = {80},
  issue = {5},
  pages = {054024},
  numpages = {7},
  year = {2009},
  month = {Sep},
  publisher = {American Physical Society},
  doi = {10.1103/PhysRevD.80.054024},
  url = {http://link.aps.org/doi/10.1103/PhysRevD.80.054024}
}


@article{PhysRevLett.83.1914,
  title = {QCD Factorization for $\mathit{B}\ensuremath{\rightarrow}\mathit{\ensuremath{\pi}}\mathit{\ensuremath{\pi}}$ Decays: Strong Phases and $\mathit{CP}$ Violation in the Heavy Quark Limit},
  author = {Beneke, M. and Buchalla, G. and Neubert, M. and Sachrajda, C. T.},
  journal = {Phys. Rev. Lett.},
  volume = {83},
  issue = {10},
  pages = {1914--1917},
  numpages = {0},
  year = {1999},
  month = {Sep},
  publisher = {American Physical Society},
  doi = {10.1103/PhysRevLett.83.1914},
  url = {http://link.aps.org/doi/10.1103/PhysRevLett.83.1914}
}




@article{PhysRevD.91.074502,
  title = {$\mathrm{K}\ensuremath{\rightarrow}\ensuremath{\pi}\ensuremath{\pi}$ $\mathrm{\ensuremath{\Delta}}\mathrm{I}=3/2$ decay amplitude in the continuum limit},
  author = {Blum, T. and Boyle, P. A. and Christ, N. H. and Frison, J. and Garron, N. and Janowski, T. and Jung, C. and Kelly, C. and Lehner, C. and Lytle, A. and Mawhinney, R. D. and Sachrajda, C. T. and Soni, A. and Yin, H. and Zhang, D.},
  collaboration = {(RBC and UKQCD Collaborations)},
  journal = {Phys. Rev. D},
  volume = {91},
  issue = {7},
  pages = {074502},
  numpages = {23},
  year = {2015},
  month = {Apr},
  publisher = {American Physical Society},
  doi = {10.1103/PhysRevD.91.074502},
  url = {http://link.aps.org/doi/10.1103/PhysRevD.91.074502}
}



@article{Meurice:1987yi,
      author         = "Meurice, Y.",
      title          = "{Breaking the Axial U(1) Does Not Enhance Second Class
                        Decays}",
      journal        = "Mod. Phys. Lett.",
      volume         = "A2",
      year           = "1987",
      pages          = "699",
      doi            = "10.1142/S0217732387000860",
      reportNumber   = "ANL-HEP-PR-87-46",
}

@article{PhysRevD.3.2874,
  title = {General Treatment of the Breaking of Chiral Symmetry and Scale Invariance in the $\mathrm{SU}(3) \ensuremath{\sigma}$ Model},
  author = {Schechter, J. and Ueda, Y.},
  journal = {Phys. Rev. D},
  volume = {3},
  issue = {11},
  pages = {2874--2893},
  numpages = {0},
  year = {1971},
  month = {Jun},
  publisher = {American Physical Society},
  doi = {10.1103/PhysRevD.3.2874},
  url = {http://link.aps.org/doi/10.1103/PhysRevD.3.2874}
}


@article{Kuti:2015awa,
      author         = "Kuti, Julius",
      title          = "{The Higgs particle and the lattice}",
      booktitle      = "{Proceedings, KMI International Symposium 2013 on Quest
                        for the Origin of Particles and the Universe (KMI2013)}",
      journal        = "PoS",
      volume         = "KMI2013",
      year           = "2015",
      pages          = "002",
}

@misc{bsm14,author=" Aoki, Y.", title="Beyond the Standard Model, Plenary Talk at Lattice 2014",note=" \url{https://indico.bnl.gov/contributionDisplay.py?contribId=83&sessionId=0&confId=736}"}

@misc{bsm15,author=" Hasenfratz, A.", title="Beyond Standard Model:
Lattice Calculations at the Energy Frontier, Plenary Talk at Lattice 2015",note="\url{https://indico2.riken.jp/indico/getFile.py/access?contribId=358&sessionId=0&resId=0&materialId=slides&confId=1805}"}
@article{Shimizu:2014fsa,
      author         = "Shimizu, Yuya and Kuramashi, Yoshinobu",
      title          = "{Critical behavior of the lattice Schwinger model with a
                        topological term at $\theta=\pi$ using the Grassmann
                        tensor renormalization group}",
      journal        = "Phys. Rev.",
      volume         = "D90",
      year           = "2014",
      number         = "7",
      pages          = "074503",
      doi            = "10.1103/PhysRevD.90.074503",
      eprint         = "1408.0897",
      archivePrefix  = "arXiv",
      primaryClass   = "hep-lat",
}
@article{Shimizu:2014uva,
      author         = "Shimizu, Yuya and Kuramashi, Yoshinobu",
      title          = "{Grassmann tensor renormalization group approach to
                        one-flavor lattice Schwinger model}",
      journal        = "Phys. Rev.",
      volume         = "D90",
      year           = "2014",
      number         = "1",
      pages          = "014508",
      doi            = "10.1103/PhysRevD.90.014508",
      eprint         = "1403.0642",
      archivePrefix  = "arXiv",
      primaryClass   = "hep-lat",
}

@article{efratirmp,
  title = {Real-space renormalization in statistical mechanics},
  author = {Efrati, Efi and Wang, Zhe and Kolan, Amy and Kadanoff, Leo P.},
  journal = {Rev. Mod. Phys.},
  volume = {86},
  issue = {2},
  pages = {647--667},
  numpages = {23},
  year = {2014},
  month = {May},
  publisher = {American Physical Society},
  doi = {10.1103/RevModPhys.86.647},
  url = {http://link.aps.org/doi/10.1103/RevModPhys.86.647}
}


@unpublished{Aaij:2015nea,
      author         = "Aaij, Roel and others",
      title          = "{First measurement of the differential branching fraction
                        and $C\!P$ asymmetry of the $B^\pm\to\pi^\pm\mu^+\mu^-$
                        decay}",
      collaboration  = "LHCb",
      year           = "2015",
      note        = " arXiv 1509.00414",
      archivePrefix  = "arXiv",
      primaryClass   = "hep-ex",
      reportNumber   = "LHCB-PAPER-2015-035, CERN-PH-EP-2015-219",
}
@article{PRD69,
  title = {New optimization methods for converging perturbative series with a field cutoff},
  author = {Kessler, B. and Li, L. and Meurice, Y.},
  journal = {Phys. Rev. D},
  volume = {69},
  issue = {4},
  pages = {045014},
  numpages = {9},
  year = {2004},
  month = {Feb},
  publisher = {American Physical Society},
  doi = {10.1103/PhysRevD.69.045014},
  url = {http://link.aps.org/doi/10.1103/PhysRevD.69.045014}
}


@article{PRD71,
  title = {Example of optimal field cut in lattice gauge perturbation theory},
  author = {Li, L. and Meurice, Y.},
  journal = {Phys. Rev. D},
  volume = {71},
  issue = {5},
  pages = {054509},
  numpages = {9},
  year = {2005},
  month = {Mar},
  publisher = {American Physical Society},
  doi = {10.1103/PhysRevD.71.054509},
  url = {http://link.aps.org/doi/10.1103/PhysRevD.71.054509}
}


@article{PRL88,
  title = {Simple Method to Make Asymptotic Series of Feynman Diagrams Converge},
  author = {Meurice, Y.},
  journal = {Phys. Rev. Lett.},
  volume = {88},
  issue = {14},
  pages = {141601},
  numpages = {4},
  year = {2002},
  month = {Mar},
  publisher = {American Physical Society},
  doi = {10.1103/PhysRevLett.88.141601},
  url = {http://link.aps.org/doi/10.1103/PhysRevLett.88.141601}
}

@article{Cherman:2014ofa,
      author         = "Cherman, Aleksey and Dorigoni, Daniele and Unsal, Mithat",
      title          = "{Decoding perturbation theory using resurgence: Stokes
                        phenomena, new saddle points and Lefschetz thimbles}",
      year           = "2014",
      eprint         = "1403.1277",
      archivePrefix  = "arXiv",
      primaryClass   = "hep-th",
      reportNumber   = "DAMTP-2014-17, UMN-TH-2239-14, FTPI-MINN-14-8",
}
@article{Dunne:2014bca,
      author         = "Dunne, Gerald V. and Unsal, Mithat",
      title          = "{Uniform WKB, Multi-instantons, and Resurgent
                        Trans-Series}",
      journal        = "Phys. Rev.",
      volume         = "D89",
      year           = "2014",
      number         = "10",
      pages          = "105009",
      doi            = "10.1103/PhysRevD.89.105009",
      eprint         = "1401.5202",
      archivePrefix  = "arXiv",
      primaryClass   = "hep-th",
}

@article{Argyres:2012vv,
      author         = "Argyres, Philip and Unsal, Mithat",
      title          = "{A semiclassical realization of infrared renormalons}",
      journal        = "Phys. Rev. Lett.",
      volume         = "109",
      year           = "2012",
      pages          = "121601",
      doi            = "10.1103/PhysRevLett.109.121601",
      eprint         = "1204.1661",
      archivePrefix  = "arXiv",
      primaryClass   = "hep-th",
}
@article{Unsal:2012zj,
      author         = "Unsal, Mithat",
      title          = "{Theta dependence, sign problems and topological
                        interference}",
      journal        = "Phys. Rev.",
      volume         = "D86",
      year           = "2012",
      pages          = "105012",
      doi            = "10.1103/PhysRevD.86.105012",
      eprint         = "1201.6426",
      archivePrefix  = "arXiv",
      primaryClass   = "hep-th",
      reportNumber   = "SLAC-PUB-16017",
}

@misc{ran,
      author         = {Bailey, Jon. A. and Bazavov, A. and Bernard, C. and Bouchard, C. M. and DeTar, C. and Du, D. and El-Khadra, A. X.and Foley, J. and Freeland, E. D. and G\'amiz, E. and Gottlieb, Steven and Heller, U. M. and Jain, R. D. and Komijani, J. and Kronfeld, A. S. and Laiho, J. and Levkova, L. and Liu, Yuzhi  and Lunghi, E. and Mackenzie, P. B. and Meurice, Y. and Neil, E. and Qiu, Si-Wei and Simone, J. N. and Sugar, R. and Toussaint, D. and Van de Water, R. S. and Zhou, R.},
      title          = "$B\to K\ell\ell$ Decay Form Factors 
                        from three-flavor Lattice QCD ",
                        
      collaboration  = "Fermilab Lattice, MILC",
      year           = "2015",
      note        = "1509.xxxxx",
      }




@unpublished{Flechl:2015foa,
      author         = "Flechl, Martin",
      title          = "{Higgs physics: Review of recent results and prospects
                        from ATLAS and CMS}",
      booktitle      = "{Proceedings, 4th Symposium on Prospects in the Physics
                        of Discrete Symmetries (DISCRETE 2014)}",
      collaboration  = "ATLAS, CMS",
      journal        = "J. Phys. Conf. Ser.",
      volume         = "631",
      year           = "2015",
      number         = "1",
      pages          = "012028",
      doi            = "10.1088/1742-6596/631/1/012028",
      note        = "ArXiv 1503.00632",
      archivePrefix  = "arXiv",
      primaryClass   = "hep-ex",
}

@article{daping2,
      author         = {Bailey, Jon. A. and Bazavov, A. and Bernard, C. and Bouchard, C. M. and DeTar, C. and Du, D. and El-Khadra, A. X.and Freeland, E. D. and G\'amiz, E. and Gottlieb, Steven and Heller, U. M. and Kronfeld, A. S. and Laiho, J. and Levkova, L. and Liu, Yuzhi  and Lunghi, E. and Mackenzie, P. B. and Meurice, Y. and Neil, E. and Qiu, Si-Wei and Simone, J. N. and Sugar, R. and Toussaint, D. and Van de Water, R. S. and Zhou, R.},
      title          = "{$B\to\pi\ell\ell$ Form Factors for New-Physics Searches
                        from Lattice QCD}",
      collaboration  = "Fermilab Lattice, MILC",
      year           = "2015",
      eprint         = "1507.01618",
      archivePrefix  = "arXiv",
      primaryClass   = "hep-ph",
      reportNumber   = "FERMILAB-PUB-15-288-T",
      journal = {Phys. Rev. Lett. },
  volume = {in press},
}

@article{daping1,
  title = {$|{V}_{ub}|$ from $B\ensuremath{\rightarrow}\ensuremath{\pi}\ensuremath{\ell}\ensuremath{\nu}$ decays and ($2+1$)-flavor lattice QCD},
  author = {Bailey, Jon. A. and Bazavov, A. and Bernard, C. and Bouchard, C. M. and DeTar, C. and Du, D. and El-Khadra, A. X. and Foley, J. and Freeland, E. D. and G\'amiz, E. and Gottlieb, Steven and Heller, U. M. and Komijani, J. and Kronfeld, A. S. and Laiho, J. and Levkova, L. and Liu, Yuzhi and Mackenzie, P. B. and Meurice, Y. and Neil, E. and Qiu, Si-Wei and Simone, J. N. and Sugar, R. and Toussaint, D. and Van de Water, R. S. and Zhou, R.},
  collaboration = {Fermilab Lattice and MILC collaborations},
  journal = {Phys. Rev. D},
  volume = {92},
  issue = {1},
  pages = {014024},
  numpages = {32},
  year = {2015},
  month = {Jul},
  publisher = {American Physical Society},
  doi = {10.1103/PhysRevD.92.014024},
  url = {http://link.aps.org/doi/10.1103/PhysRevD.92.014024}
}

@article{EE,
      author         = "Yang, Li-Ping and Liu, Yuzhi and Zou, Haiyuan and Xie, Z.
                        Y. and Meurice, Y.",
      title          = "{The fine structure of the entanglement entropy in the
                        classical XY model}",
      year           = "2015",
      eprint         = "1507.01471",
      archivePrefix  = "arXiv",
      primaryClass   = "cond-mat.stat-mech",
}
@article{AHM,
      author         = "Bazavov, Alexei and Meurice, Yannick and Tsai, Shan-Wen
                        and Unmuth-Yockey, Judah and Zhang, Jin",
      title          = "{Gauge-invariant implementation of the Abelian Higgs
                        model on optical lattices}",
      year           = "2015",
      eprint         = "1503.08354",
      archivePrefix  = "arXiv",
      primaryClass   = "hep-lat",
      reportNumber   = "INT-PUB-15-008",
}
@article{Bailey:2014fpx,
      author         = "Du, Daping and others",
      title          = "{$B\to\pi\ell\nu$ semileptonic form factors from
                        unquenched lattice QCD and determination of $|V_{ub}|$}",
      booktitle      = "{Proceedings, 32nd International Symposium on Lattice
                        Field Theory (Lattice 2014)}",
      collaboration  = "Fermilab Lattice, MILC",
      journal        = "PoS",
      volume         = "LATTICE2014",
      year           = "2014",
      pages          = "385",
      eprint         = "1411.6038",
      archivePrefix  = "arXiv",
      primaryClass   = "hep-lat",
      reportNumber   = "FERMILAB-CONF-14-518-T",
}
@article{O314,
      author         = "Unmuth-Yockey, Judah and Meurice, Yannick and Osborn,
                        James and Zou, Haiyuan",
      title          = "{Tensor renormalization group study of the 2d O(3)
                        model}",
      year           = "2014",
      eprint         = "1411.4213",
      archivePrefix  = "arXiv",
      primaryClass   = "hep-lat",
}
@article{O214,
      author         = "Meurice, Yannick and Liu, Yuzhi and Unmuth-Yockey, Judah
                        and Yang, Li-Ping and Zou, Haiyuan",
      title          = "{Sampling versus Blocking}",
      booktitle      = "{Proceedings, 32nd International Symposium on Lattice
                        Field Theory (Lattice 2014)}",
      journal        = "PoS",
      volume         = "LATTICE2014",
      year           = "2014",
      pages          = "319",
      eprint         = "1411.3392",
      archivePrefix  = "arXiv",
      primaryClass   = "hep-lat",
}
@article{Unmuth-Yockey:2014afa,
      author         = "Unmuth-Yockey, Judah F and Meurice, Yannick and Osborn,
                        James and Zou, Haiyuan",
      title          = "{Tensor renormalization group study of the 2d O(3)
                        model}",
      booktitle      = "{Proceedings, 32nd International Symposium on Lattice
                        Field Theory (Lattice 2014)}",
      journal        = "PoS",
      volume         = "LATTICE2014",
      year           = "2014",
      pages          = "325",
}
@article{zech2,
      author         = "Gelzer, Zechariah and Liu, Yuzhi and Meurice, Yannick",
      title          = "{Exploring the phase structure of 12-flavor $SU(3)$}",
      booktitle      = "{Proceedings, 32nd International Symposium on Lattice
                        Field Theory (Lattice 2014)}",
      journal        = "PoS",
      volume         = "LATTICE2014",
      year           = "2014",
      pages          = "255",
      eprint         = "1411.3360",
      archivePrefix  = "arXiv",
      primaryClass   = "hep-lat",
}
@article{pra90,
      author         = "Zou, Haiyuan and Liu, Yuzhi and Lai, Chen-Yen and
                        Unmuth-Yockey, J. and Bazavov, A. and Xie, Z. Y. and
                        Xiang, T. and Chandrasekharan, S. and Tsai, S. -W. and
                        Meurice, Y.",
      title          = "{Progress towards quantum simulating the classical O(2)
                        model}",
      journal        = "Phys. Rev.",
      volume         = "A90",
      year           = "2014",
      number         = "6",
      pages          = "063603",
      doi            = "10.1103/PhysRevA.90.063603"
}
@article{zech1,
      author         = "Gelzer, Zechariah and Liu, Yuzhi and Meurice, Yannick and
                        Sinclair, D. K.",
      title          = "{Fisher zeros and RG flows for $SU(3)$ with $N_f$
                        flavors}",
      booktitle      = "{Proceedings, 31st International Symposium on Lattice
                        Field Theory (Lattice 2013)}",
      journal        = "PoS",
      volume         = "LATTICE2013",
      year           = "2014",
      pages          = "078",
      eprint         = "1312.3906",
      archivePrefix  = "arXiv",
      primaryClass   = "hep-lat",
      reportNumber   = "FERMILAB-CONF-13-569-T",
}
@article{Liu:2013sya,
      author         = "Liu, Yuzhi and others",
      title          = "{Heavy-meson semileptonic decays for the Standard Model
                        and beyond}",
      booktitle      = "{Proceedings, 31st International Symposium on Lattice
                        Field Theory (Lattice 2013)}",
      journal        = "PoS",
      volume         = "LATTICE2013",
      year           = "2014",
      pages          = "386",
      eprint         = "1312.3197",
      archivePrefix  = "arXiv",
      primaryClass   = "hep-lat",
      reportNumber   = "FERMILAB-CONF-13-564-T",
}
@article{Du:2013kea,
      author         = "Du, Daping and others",
      title          = "{$B\to\pi\ell\nu$ and $B\to\pi\ell^+\ell^-$ semileptonic
                        form factors from unquenched lattice QCD}",
      booktitle      = "{Proceedings, 31st International Symposium on Lattice
                        Field Theory (Lattice 2013)}",
      journal        = "PoS",
      volume         = "LATTICE2013",
      year           = "2014",
      pages          = "383",
      eprint         = "1311.6552",
      archivePrefix  = "arXiv",
      primaryClass   = "hep-lat",
      reportNumber   = "FERMILAB-CONF-13-560-T",
}
@article{Meurice:2013cla,
      author         = "Meurice, Yannick and Denbleyker, Alan and Liu, Yuzhi and
                        Xiang, Tao and Xie, Zhiyuan and Yu, Ji-Feng and
                        Unmuth-Yockey, Judah and Zou, Haiyuan",
      title          = "{Comparing Tensor Renormalization Group and Monte Carlo
                        calculations for spin and gauge models}",
      booktitle      = "{Proceedings, 31st International Symposium on Lattice
                        Field Theory (Lattice 2013)}",
      journal        = "PoS",
      volume         = "LATTICE2013",
      year           = "2014",
      pages          = "329",
      eprint         = "1311.4826",
      archivePrefix  = "arXiv",
      primaryClass   = "hep-lat",
}
